2834 4117
578 318 690 366 amna
714 317 728 366 1
947 272 954 285 ⁸
1111 310 1152 376 il

153 512 206 571 por
220 494 376 553 fenestras
392 492 425 551 in
439 493 562 552 Novam
573 493 667 553 Viam
677 493 1006 553 versas-habitabat
1020 495 1103 553 enim

153 599 207 648 rex
220 590 262 649 ad
275 590 362 648 Iovis
378 589 722 666 Statoris-populum
736 589 892 666 Tanaquil
914 590 1102 666 adloquitur.

153 686 244 746 Iubet
261 686 344 745 bono
364 685 468 745 animo
489 704 572 745 esso:
596 693 733 761 sopitum
754 686 853 745 fuisse
875 696 979 761 rogem
1001 687 1105 746 subito
1123 699 1139 746 t

154 782 224 857 icto,
240 783 361 841 ferrum
381 781 467 841 haud
487 782 551 841 alte
572 782 605 840 in
626 801 739 858 corpus
759 783 966 858 descendisse,
982 784 1044 843 iam
1064 786 1105 844 ad

155 888 185 937 so
202 879 336 954 redisse3
359 884 536 955 inspectum
557 878 673 937 vulnus
694 880 835 939 absterso
855 890 977 955 cruore3
1000 882 1105 941 omnia

156 975 291 1035 salubria
305 993 381 1034 esse.
425 976 593 1035 Confidere
615 994 712 1052 prope
734 976 817 1034 diem
839 976 943 1054 ipsum
957 985 1010 1036 eos
1024 986 1106 1037 visu-

155 1081 218 1148 ros3
240 1072 370 1131 interim
386 1072 494 1131 Servio
509 1072 615 1131 Tullio
629 1072 736 1131 iubere
749 1072 901 1149 populum
920 1074 1006 1134 dicto
1019 1075 1105 1133 audi·

155 1175 255 1228 entem
279 1187 363 1245 esse3
394 1187 465 1227 eum
489 1169 557 1229 iura
582 1169 778 1229 redditurum
800 1170 1019 1247 obitorumque
1041 1171 1105 1231 alia

156 1266 234 1342 rogis
259 1266 368 1324 munia
391 1284 467 1325 esse.
512 1265 638 1325 Servius
662 1284 733 1324 cum
755 1266 864 1325 trabea
887 1272 920 1326 et
941 1267 1104 1327 lictoribus
1124 1280 1140 1325 o

155 1362 266 1438 prodit,
282 1381 318 1422 ac
334 1363 405 1421 sede
420 1363 506 1438 regio
521 1363 633 1421 sedens
648 1362 712 1421 alia
725 1363 874 1438 decernit,
890 1364 928 1422 do
945 1364 1016 1423 aliis
1037 1374 1106 1424 con-

156 1459 310 1518 sulturum
328 1469 361 1518 se
381 1469 484 1534 regem
506 1478 573 1518 esse
595 1459 731 1518 simulat.
774 1460 888 1537 Itaque
908 1479 964 1537 per
985 1461 1105 1538 aliquot

157 1554 229 1630 dios,
252 1574 323 1614 cum
352 1556 414 1614 iam
436 1561 627 1632 exspirasset
651 1556 852 1633 Tarquinius,
874 1558 976 1617 coloto
995 1564 1104 1633 morte,

156 1670 208 1727 per
223 1652 358 1729 speciem
378 1652 499 1711 alienae
519 1654 697 1727 fungendae
711 1653 791 1712 vicis
813 1663 885 1713 suos
906 1664 980 1731 opos
1001 1656 1106 1715 firmo

156 1748 208 1807 vit.
252 1752 332 1808 Tum
348 1750 472 1807 domum
485 1749 590 1827 palam
605 1750 726 1808 factum
745 1755 793 1808 est
813 1750 1106 1827 complorationem

156 1846 239 1920 rogia
253 1851 341 1905 orto.¹
374 1846 509 1920 Servius,
525 1846 683 1922 praesidio
704 1847 799 1906 firmo
819 1853 969 1921 munitus,
986 1858 1106 1925 primus

156 1940 276 2001 iniusso
297 1941 407 2019 populi
426 1941 589 2024 voluntate
614 1948 740 2019 patrum
768 1944 919 2017 regnavit.
962 1944 1045 2004 Anci
1072 1945 1140 2008 lii

156 2037 220 2096 beri
230 2040 292 2097 iam
304 2044 380 2113 tum,
394 2058 473 2113 cum,
485 2049 676 2115 comprensis
689 2039 815 2098 sceleris
826 2040 989 2116 ministris,
1000 2052 1106 2101 vivere

157 2144 257 2210 rogem
272 2141 304 2194 et
323 2140 428 2194 tantos
449 2154 516 2194 csse
537 2145 611 2212 opos
634 2136 724 2195 Servi
744 2136 924 2196 mintiotum
945 2144 1002 2213 est,
1019 2139 1107 2199 Sues·
1144 2139 1147 2142 ’

157 2249 219 2291 sam
233 2231 410 2290 Pometiam
424 2231 601 2291 exsulatum
616 2232 727 2292 ierant.

192 2329 239 2387 42.
268 2329 337 2387 Nec
352 2328 415 2388 iam
429 2328 564 2406 publicis
585 2330 685 2403 magis
707 2330 848 2390 consiliis
871 2331 997 2390 Servius
1012 2351 1106 2409 quam

155 2429 286 2500 privatis
307 2434 429 2484 munire
450 2435 533 2501 opos
549 2431 581 2485 et
599 2435 646 2500 uo,
662 2425 765 2501 qualis
786 2425 869 2485 Anci
889 2427 1022 2487 liberum
1043 2429 1107 2488 ani-

155 2538 223 2580 mus
249 2522 400 2581 adversus
428 2521 635 2599 Tarquinium
663 2524 777 2596 fuerat,
800 2524 875 2582 telis
902 2524 1052 2585 adversus
1074 2535 1106 2585 so

155 2617 305 2693 Tarquini
333 2617 465 2677 liberum
493 2623 584 2692 esset,
609 2619 686 2677 duos
711 2619 799 2677 filias
822 2619 988 2679 iuvenibus
1010 2623 1106 2697 regiis

155 2712 250 2773 Inicio
278 2720 372 2791 atque
399 2715 534 2773 Arrunti
561 2716 744 2792 Tarquiniis
772 2716 884 2791 iungit.
927 2717 994 2777 Nec
1019 2718 1141 2796 rupita

155 2866 180 2905 ct
191 2862 262 2908 least.
293 2863 316 2906 4.
338 2860 442 2908 Novam
454 2860 543 2908 Viam:
561 2864 604 2908 the
615 2867 695 2909 street
710 2863 809 2909 started
825 2868 853 2908 at
868 2865 911 2909 the
925 2864 1007 2911 Porta
1017 2865 1154 2924 Mopionia

154 2941 185 2973 on
202 2931 245 2975 tho
264 2934 366 2975 eastern
383 2930 437 2975 side
457 2930 484 2975 of
502 2932 545 2976 the
563 2931 688 2984 Palatine,
705 2944 767 2976 near
782 2931 865 2976 which
880 2945 934 2977 was
954 2935 998 2979 the
1017 2935 1112 2992 temple
1128 2936 1156 2981 of
1165 2984 1168 2990 .

156 2996 271 3054 luppiter
282 2997 377 3051 Stator,
389 2998 439 3043 and
451 2998 541 3056 passed
553 2998 635 3043 round
646 3000 689 3044 the
704 3000 826 3043 northern
842 3000 891 3045 end
907 3000 935 3045 oi
949 3001 994 3047 the
1008 3001 1056 3046 hill
1069 3005 1097 3046 to
1112 3004 1155 3049 the

155 3062 427 3111 Velabrum—Iovis:
449 3078 483 3111 sc.
501 3066 632 3121 templum.
663 3068 685 3111 5.
704 3065 836 3123 sopitum:
855 3066 1155 3116 stanneo—(loniidcro

157 3164 162 3175 .
179 3165 184 3176 .
202 3167 206 3177 .
222 3130 329 3179 iuborc:
347 3146 381 3178 sc.
393 3134 419 3178 so
429 3133 480 3179 and
489 3135 574 3191 copem
585 3147 614 3180 as
624 3134 745 3192 subJects.
753 3131 859 3180 -dicto
870 3144 895 3179 a.
905 3144 942 3181 a:
959 3135 1029 3192 cocy,
1038 3137 1101 3181 with
1112 3139 1155 3184 the

154 3198 204 3245 dat.
234 3203 257 3246 6.
278 3198 388 3247 trabeE:
415 3202 458 3246 the
478 3201 674 3260 purple-striped
690 3201 783 3247 official
799 3202 903 3247 roboot
918 3204 961 3248 the
976 3202 1155 3260 king.-sede

154 3266 239 3327 rogii:
266 3271 310 3315 the
330 3269 417 3315 curule
437 3267 725 3328 chain-fungendae:
751 3270 892 3327 gerundivo
915 3283 944 3316 as
964 3271 992 3315 oi
1016 3283 1032 3316 a
1052 3273 1155 3329 regular

154 3338 286 3383 transitive
307 3335 535 3382 vero-iactum:
556 3350 591 3383 sc.
608 3338 749 3393 exspuisse
773 3336 1153 3395 Tarquinium—voluntate:

153 3404 268 3457 personat
277 3405 365 3460 fauor,
381 3408 426 3449 not
441 3405 589 3458 auctoratos,
606 3404 699 3450 official
715 3406 840 3450 sanction.

190 3470 232 3525 42,
243 3470 287 3517 43.
318 3471 393 3517 Wars
406 3471 457 3516 and
467 3472 634 3517 constitution
646 3474 673 3517 ot
689 3472 800 3519 Servius.

190 3537 232 3585 42.
254 3541 275 3584 1.
297 3536 413 3596 poblicls
431 3570 436 3584 .
454 3572 460 3585 .
479 3572 484 3585 .
500 3539 630 3596 privatis:
644 3542 692 3597 sor
712 3541 751 3587 tlte
768 3540 857 3597 public
879 3542 1024 3599 advantaye
1042 3577 1047 3587 .
1066 3578 1071 3587 .
1091 3578 1096 3589 .
1106 3546 1156 3601 sor
