2834 4117
704 327 781 377 ΤΙΤΙ
803 328 882 377 LIVI

340 501 470 576 animis3
493 506 711 579 trecentosque
729 508 865 561 armatos
886 502 927 561 ad
947 502 1122 562 custodiam
1143 504 1291 581 corporis,

340 609 418 676 quos
433 599 557 659 Celeres
572 598 754 676 appellavit,
770 600 881 659 nonin
897 600 981 659 bello
998 600 1099 659 solum
1121 601 1176 660 sed
1196 601 1293 660 etiam

340 696 374 755 in
388 695 595 773 paoehabuit.
1158 754 1160 760 ,

379 793 426 853 16.
446 792 518 861 ‚His
533 790 762 851 immortalibus
777 793 871 853 editis
890 793 1035 870 operibus
1056 811 1127 852 cum
1148 794 1189 853 ad
1209 812 1294 854 exer-

339 889 437 949 citum
458 890 680 949 recensendum
701 890 878 949 contionem
905 890 939 948 in
967 900 1076 967 campo
1104 892 1144 950 ad
1171 892 1293 968 Caprae

339 986 493 1046 Paludem
507 985 645 1061 haberet,
661 985 765 1046 subito
778 992 885 1046 coorta
901 992 1073 1064 tempestas
1090 1006 1160 1046 cum
1178 998 1293 1063 magno

338 1083 463 1159 fragore
477 1082 710 1159 tonitribusque
724 1088 790 1141 tam
804 1083 902 1142 denso
916 1093 1020 1159 regem
1034 1085 1159 1161 operuit
1175 1084 1292 1159 nimbo,

339 1185 375 1238 ut
389 1185 589 1256 conspectum
604 1179 671 1239 eius
691 1179 831 1238 contioni
849 1179 1029 1255 abstulerit3
1051 1198 1109 1239 nec
1126 1180 1241 1239 deinde
1258 1181 1293 1240 in

303 1293 318 1337 2
339 1280 431 1335 terris
459 1275 614 1335 Romulus
634 1275 706 1334 fuit.
750 1276 893 1335 Romana
913 1276 1011 1353 pubes
1032 1277 1141 1335 sedato
1164 1278 1291 1336 tandem

339 1382 462 1449 pavore,
477 1377 644 1449 postquam
664 1390 704 1431 ex
725 1377 791 1431 tam
807 1372 934 1432 turbido
955 1372 1007 1431 die
1028 1382 1138 1432 serena
1158 1378 1190 1432 et
1209 1379 1293 1433 tran-

339 1469 439 1546 quilla
453 1469 509 1527 lux
526 1469 630 1542 rediit,
646 1469 700 1528 ubi
716 1486 844 1528 vacuam
867 1470 972 1528 sedem
993 1469 1111 1545 regiam
1124 1470 1216 1544 vidit,
1231 1476 1293 1530 etsi

339 1566 417 1626 satis
438 1566 584 1625 credebat
605 1565 758 1642 patribus,
780 1574 835 1643 qui
856 1566 991 1642 proximi
1015 1571 1176 1640 steterant,
1199 1567 1293 1627 subli-

339 1681 421 1721 mem
435 1668 559 1739 raptum
574 1661 720 1739 procella,
734 1667 841 1721 tamen
855 1662 942 1721 velut
956 1663 1102 1723 orbitatis
1121 1669 1208 1722 metu
1228 1664 1293 1724 icta

303 1772 318 1815 3
339 1764 493 1819 maestum
522 1758 717 1835 aliquamdiu
737 1758 901 1817 silentium
922 1759 1067 1818 obtinuit.
1118 1760 1251 1836 Deinde,
1273 1770 1293 1820 a

338 1866 446 1933 paucis
461 1855 553 1915 initio
569 1856 664 1929 facto,
680 1855 773 1913 deum
789 1855 847 1915 deo
863 1860 982 1929 natum,
998 1865 1102 1931 regem
1118 1862 1293 1933 parentem-

339 1972 399 2031 que
413 1952 499 2011 urbis
514 1953 674 2012 Romanae
691 1952 811 2011 salvere
826 1951 965 2011 universi
979 1952 1149 2011 Romulum
1164 1952 1290 2029 iubent3

339 2059 447 2127 pacem
468 2048 611 2126 precibus
633 2053 815 2125 exposcunt,
830 2052 880 2106 uti
896 2048 1004 2108 volens
1025 2049 1181 2126 propitius
1202 2068 1291 2109 suam

302 2164 317 2207 4
339 2164 460 2222 semper
475 2145 608 2222 sospitet
622 2144 811 2221 progeniem.
854 2144 966 2205 Fuisse
980 2145 1071 2205 credo
1085 2151 1153 2204 tum
1167 2164 1292 2223 quoque

338 2242 469 2319 aliquos,
485 2251 540 2319 qui
554 2241 746 2319 discerptum
763 2250 867 2316 regem
887 2246 1012 2317 patrum
1034 2242 1179 2302 manibus
1200 2243 1292 2302 taciti

338 2338 701 2415 arguerent—manavit
728 2338 813 2397 enim
840 2337 918 2397 haec
946 2357 1069 2416 quoque
1100 2340 1156 2397 sed
1183 2340 1292 2416 perob

338 2446 428 2495 scura
454 2436 557 2509 fama3
593 2434 681 2493 illam
706 2434 1029 2494 alteramadmiratio
1052 2434 1114 2493 viri
1138 2441 1169 2493 et
1193 2454 1291 2512 pavor

301 2546 315 2590 5
337 2542 483 2609 praesens
498 2530 687 2590 nobilitavit.
730 2532 773 2590 Et
789 2530 921 2591 consilio
935 2532 1030 2590 etiarn
1045 2541 1139 2591 unius
1152 2532 1291 2593 hominis

337 2629 447 2690 addita
474 2637 520 2687 rei
547 2628 664 2687 dicitur
687 2628 775 2687 fides.
825 2628 971 2706 Namque
997 2628 1149 2689 Proculus
1177 2628 1290 2705 Iulius,

286 2809 314 2853 L.
326 2819 408 2854 seems
418 2809 445 2851 to
458 2805 534 2851 think
551 2804 578 2851 ot
593 2818 608 2851 a
621 2805 744 2863 standing
758 2818 832 2863 army
842 2806 893 2851 and
908 2810 936 2851 to
944 2806 1009 2851 have
1020 2805 1047 2851 in
1057 2805 1128 2851 mind
1139 2818 1155 2851 a
1165 2805 1292 2854 tradition
1353 2825 1355 2830 .

206 2900 210 2905 -
286 2877 345 2922 that
359 2875 433 2921 made
449 2873 572 2919 Romulus
587 2886 603 2919 a
618 2877 707 2931 tyrant
723 2874 776 2919 like
791 2873 946 2931 Tarquinius
962 2873 1098 2931 Superbus,
1110 2874 1187 2919 hated
1202 2875 1293 2932 hythe

286 2947 383 2990 senate.
414 2942 467 2987 The
483 2941 630 2999 suggestion
645 2942 673 2987 of
692 2942 715 2987 it
729 2954 849 2999 prepares
864 2943 908 2987 the
923 2954 981 2999 way
996 2942 1038 2987 for
1052 2943 1096 2987 the
1116 2946 1189 2999 story
1204 2942 1232 2987 of
1251 2943 1293 2989 his

286 3012 372 3058 death.
381 2998 564 3055 -trccentbs’:
583 3008 736 3067 apparently
750 3010 777 3054 L.
790 3022 878 3055 means
893 3010 967 3056 those
982 3008 1128 3055 mentioned
1142 3010 1169 3055 in
1183 3022 1205 3055 c.
1219 3010 1256 3054 13.
1267 3012 1291 3056 8.

286 3080 339 3124 The
349 3078 433 3135 origin
444 3078 471 3123 ot
486 3078 530 3123 the
541 3090 616 3123 name
630 3077 728 3124 Celeris
738 3077 761 3123 is
771 3078 886 3123 obscure.

326 3144 367 3193 16.
389 3144 543 3191 Deification
559 3145 586 3191 of
603 3145 735 3191 Romulus.
767 3146 787 3190 1.
807 3143 948 3191 Paludem:
969 3146 1013 3191 the
1031 3143 1098 3191 Goat
1119 3144 1220 3203 swamp
1237 3158 1292 3193 was

285 3216 312 3260 in
323 3216 367 3260 the
377 3214 489 3271 Campus
500 3214 619 3270 Martius,
631 3215 741 3271 perhaps
751 3226 813 3259 near
823 3214 867 3259 the
877 3214 926 3259 site
937 3213 965 3258 of
980 3214 1023 3259 the
1036 3213 1124 3259 Circus
1139 3214 1291 3260 Flaminius.

285 3285 307 3329 2.
328 3283 453 3340 raptum:
470 3294 505 3328 sc.
517 3294 578 3327 ease.
609 3282 662 3327 The
673 3280 800 3327 infinitive
811 3280 923 3338 depeuds
938 3293 1006 3338 upon
1022 3282 1066 3327 the
1081 3282 1191 3340 thought
1201 3282 1228 3327 in
1240 3283 1293 3327 cre·

286 3351 368 3397 debat.
400 3351 467 3397 Note
477 3351 521 3395 the
537 3353 665 3395 structure
676 3350 703 3394 ot
719 3350 762 3395 the
776 3348 873 3405 period.
904 3350 926 3393 3.
947 3347 1069 3395 salubre:
1085 3349 1158 3406 aoth
1174 3354 1235 3395 note
1247 3350 1292 3397 the

285 3418 444 3465 alliteration
464 3418 491 3463 in
512 3418 555 3462 the
577 3421 704 3463 sentence.
733 3417 841 3473 pacem:
856 3416 953 3471 scoor;
974 3416 1108 3473 explained
1132 3417 1167 3475 by
1187 3418 1231 3463 the
1251 3421 1293 3463 uti

286 3487 380 3533 clause.
410 3489 433 3531 4.
454 3482 590 3532 minavit:
612 3485 720 3541 spread;
741 3484 780 3529 lit.
798 3482 915 3538 trickleot
932 3496 948 3529 a
964 3497 1080 3529 common
1100 3486 1234 3543 metaphor
1250 3485 1293 3531 for

286 3555 330 3600 the
350 3553 488 3612 spreading
502 3552 530 3597 ot
550 3556 674 3607 areport.
705 3553 728 3596 5.
749 3549 827 3597 fidas:
849 3552 1047 3609 confirmation;
1063 3552 1199 3611 objective,
1215 3553 1293 3600 while
