2834 4117
269 305 312 368 42
641 356 643 361 .
683 317 860 367 r1r1n1v1

319 490 502 550 obversatur
517 492 630 565 animo,
645 493 815 569 futaraque
829 511 867 552 ea
880 492 994 552 deinde
1007 492 1129 570 patriae
1143 491 1265 551 fortuna

283 600 298 645 4
319 606 413 664 quam
428 588 490 665 ipsi
504 588 661 648 iecissent.
707 591 754 649 Ut
768 598 870 666 prime
885 590 991 649 statim
1006 598 1159 648 concursu
1173 589 1265 647 incre·

319 694 413 761 puere
433 704 520 744 arma
537 686 751 763 micantesque
769 686 886 745 fulsere
910 686 1017 762 gladii,
1031 686 1141 745 horror
1159 686 1266 762 ingens

320 787 490 859 spectantis
507 782 701 859 perstringit,
717 790 749 842 et
762 789 873 843 neutro
891 782 1043 843 inclinata
1057 792 1112 859 spe
1126 783 1268 860 torpebat

282 890 297 934 5
319 888 380 937 vox
395 880 594 957 spiritusque.
638 880 798 939 Consertae
819 880 932 939 deinde
952 880 1107 954 manibus,
1123 897 1194 939 cum
1209 880 1269 939 iam

319 985 382 1035 nan
395 982 499 1036 morus
520 982 642 1036 tantum
664 995 827 1054 corporum
848 978 1040 1054 agitatiaque
1061 994 1176 1053 anceps
1197 976 1271 1036 tela

319 1092 388 1131 rum
403 1084 630 1151 armorumque,
647 1074 702 1133 sed
717 1073 848 1133 vuInera
862 1092 985 1151 quoque
999 1079 1031 1133 et
1045 1073 1174 1149 sanguis
1189 1092 1271 1150 speo

319 1170 423 1229 tacula
434 1177 548 1245 essent,
560 1172 620 1230 duo
635 1171 770 1230 Romani
784 1189 877 1247 super
888 1170 985 1229 alium
996 1160 1087 1245 alius,
1096 1170 1269 1229 vulneratis

283 1282 298 1327 6
319 1267 419 1326 tribus
433 1268 576 1342 Albanis,
592 1273 787 1345 exspirantes
799 1273 988 1326 corruerunt.
1021 1267 1073 1325 Ad
1082 1276 1270 1343 quorumca

321 1382 388 1422 sum
403 1383 473 1422 cum
495 1365 719 1424 conclamasset
740 1364 853 1440 gaudia
874 1364 1017 1423 Albanus
1031 1364 1196 1439 exercituS,
1211 1365 1270 1423 Ro

320 1470 427 1519 manas
452 1462 590 1537 legiones
614 1462 677 1521 iam
703 1472 774 1538 spes
802 1467 878 1535 teta,
903 1462 1042 1520 nondum
1066 1466 1173 1520 tamen
1197 1471 1271 1520 cara

320 1558 506 1632 deseruerat,
527 1558 686 1618 exanimes
711 1559 779 1617 vice
804 1568 906 1632 anius,
927 1576 1020 1634 quem
1043 1563 1108 1616 tres
1136 1558 1271 1618 Curiatii

283 1667 297 1712 7
320 1654 595 1714 circumsteterant.
626 1657 720 1714 Forte
729 1655 757 1713 is
767 1655 886 1730 integer
895 1655 967 1729 fuit,
977 1661 1013 1713 ut
1022 1655 1178 1714 aniversae
1186 1654 1271 1714 salus

319 1760 515 1828 nequaquam
530 1761 594 1829 par,
611 1762 655 1811 sic
670 1753 818 1811 adversus
834 1751 973 1827 singulas
992 1752 1090 1811 ferax.
1132 1752 1217 1828 Ergo
1235 1757 1272 1811 ut

320 1855 496 1924 segregaret
516 1858 652 1925 pugnam
677 1859 792 1923 eorum,
815 1848 951 1925 capessit
975 1849 1093 1924 fugam,
1115 1848 1161 1907 ita
1183 1853 1272 1908 ratus

320 1951 488 2020 secataros,
498 1951 534 2004 ut
545 1964 698 2023 quemque
712 1946 839 2004 vulnere
851 1946 1010 2004 adfectum
1022 1964 1133 2021 corpus
1145 1945 1270 2005 sineret

283 2053 298 2097 8
319 2043 387 2101 Iam
399 2042 595 2119 aliquantum
607 2042 702 2119 spatii
712 2062 750 2101 ex
760 2052 795 2101 ea
805 2043 873 2101 loce
882 2042 936 2101 ubi
944 2048 1117 2119 pugnatum
1126 2048 1175 2102 est
1183 2042 1273 2101 auia-

320 2144 414 2214 gerat,
423 2158 493 2197 cum
502 2139 672 2215 respiciens
681 2139 898 2215 videtmagnis
907 2137 1084 2198 intervallis
1095 2143 1271 2215 sequentes

269 2249 298 2318 ,9
319 2246 415 2294 smum
425 2236 509 2295 haud
518 2236 625 2312 procui
635 2236 674 2295 ab
683 2246 750 2295 sese
758 2236 873 2295 abesse.
900 2236 1018 2294 Ineum
1029 2235 1273 2312 magnaimpeta

318 2333 413 2392 rediit
423 2356 429 2408 ;
446 2338 477 2392 et
488 2333 562 2391 dum
573 2332 716 2392 Albanus
727 2333 884 2392 exercitus
895 2332 1044 2391 inclamat
1053 2331 1213 2406 Curiatiis,
1223 2337 1273 2391 uti

318 2448 408 2507 opem
423 2430 528 2489 ferant
542 2429 643 2505 fratri,
659 2430 722 2488 iam
737 2430 891 2489 Horatius
905 2439 993 2487 caeso
1008 2429 1097 2487 hoste
1111 2429 1212 2487 victor
1227 2447 1273 2487 se-

319 2527 451 2585 cundam
479 2536 615 2603 pagnam
643 2527 778 2603 petebat.
821 2528 909 2584 Tunc
936 2525 1079 2599 clamore,
1101 2524 1204 2602 qualis
1232 2543 1273 2583 ex

318 2628 477 2700 insperate
499 2622 674 2681 faventium
698 2623 938 2696 suessonam
960 2622 1112 2681 adiuvant
1136 2621 1272 2681 militem

270 2734 297 2779 10
319 2739 418 2793 suurn,
426 2725 458 2778 et
467 2720 520 2777 ille
530 2719 661 2794 defungi
669 2719 788 2796 proelia
797 2720 936 2778 festinat.
959 2719 1051 2778 Prius
1060 2718 1167 2796 itaque
1177 2737 1272 2795 quam

319 2817 406 2890 alter,
417 2825 471 2893 qui
485 2835 542 2874 nec
555 2816 663 2893 procul
679 2816 795 2891 aberat,
808 2825 955 2893 cansequi
969 2821 1083 2893 posset,
1094 2820 1125 2874 et
1136 2815 1272 2874 alterum

268 3002 381 3051 blisum:
406 3008 465 3050 note
481 3005 525 3049 the
540 3004 671 3050 vividness
688 3004 766 3062 given
783 3004 877 3061 hythe
894 3004 1037 3061 asyndeton
1055 3003 1106 3049 and
1127 3004 1170 3049 the
1190 3003 1273 3049 chiae-

269 3086 333 3118 mus.
343 3071 472 3118 —futiira
486 3105 490 3114 .
505 3104 510 3115 .
524 3105 529 3115 .
541 3069 665 3118 fortfina:
684 3070 725 3114 tte
735 3068 841 3125 taoupht
850 3068 914 3122 tant,
923 3068 1015 3125 partic.
1025 3068 1065 3113 for
1074 3068 1120 3112 inf.
1143 3071 1165 3112 4.
1183 3078 1272 3115 arma:

268 3141 371 3195 caietae,
390 3141 463 3187 asin
485 3138 497 3195 ᾗ
516 3140 552 3194 12,
572 3150 639 3195 upon
656 3137 740 3183 thch
760 3137 804 3183 the
824 3136 935 3195 J'avelins
952 3136 980 3181 oi
1000 3137 1044 3181 the
1059 3134 1118 3181 first
1133 3139 1273 3181 encounter

269 3210 371 3255 rattled.
407 3210 430 3254 5.
451 3216 563 3263 anceps:
591 3219 624 3251 on
645 3205 703 3251 both
723 3205 799 3251 sides.
830 3206 853 3251 7.
870 3205 904 3250 ut
920 3236 926 3248 .
944 3236 950 3249 .
969 3237 975 3249 .
991 3204 1042 3249 nic:
1070 3203 1168 3260 thouya
1187 3209 1273 3259 yet.-

268 3275 415 3323 r'miversis:
443 3276 479 3321 all
499 3272 717 3332 commea-ita:
745 3286 774 3319 as
794 3274 853 3331 fast
873 3286 911 3319 as.
944 3273 967 3318 8.
988 3270 1140 3329 sequentes,
1162 3268 1270 3317 abesse:

268 3346 311 3392 the
331 3346 423 3403 partic.
442 3344 531 3389 marks
551 3343 594 3388 the
616 3342 810 3397 circumstance,
829 3342 873 3387 the
891 3340 938 3386 inf.
958 3342 1001 3386 the
1021 3341 1084 3393 fact,
1102 3352 1131 3385 so
1149 3339 1212 3384 with
1232 3351 1271 3384 us.

268 3416 290 3458 9.
306 3411 438 3460 inclamat
453 3444 458 3456 .
475 3445 479 3456 .
496 3411 569 3457 uti:
583 3411 671 3457 saouts
688 3443 692 3454 .
711 3443 715 3453 .
734 3443 739 3454 .
754 3410 896 3455 that—ex
905 3406 1056 3465 insperata:
1071 3406 1271 3463 occaecatum

269 3482 332 3526 with
352 3481 422 3535 solet,
443 3492 478 3525 sc.
499 3476 770 3525 essa—faventium:
795 3478 839 3521 the
860 3476 962 3533 regular
981 3475 1051 3520 word
1070 3475 1112 3519 for
1132 3474 1270 3533 partisans.

269 3550 304 3595 10.
324 3558 385 3594 nee:
407 3548 448 3592 for
468 3542 702 3592 nam—alterum:
725 3545 766 3591 tte
781 3544 882 3596 second,
898 3543 962 3589 with
978 3542 1108 3588 reference
1122 3547 1150 3587 to
1165 3542 1209 3587 the
1224 3553 1272 3586 one
