2834 4117
579 358 690 408 arene
715 358 729 407 1
1113 344 1155 411 19
1197 328 1199 333 ’

153 536 353 598 Accedebant
380 535 552 595 blanditiae
580 534 718 594 virerum
746 534 866 594 factum
903 532 1104 610 pergentium
1126 548 1155 593 16

152 628 325 713 cupiditete
353 638 446 710 atque
474 642 586 706 amere,
615 650 694 708 quae
723 631 858 713 maixime
887 632 927 690 ad
954 631 1105 691 muliebre

152 732 313 807 ingenium
327 728 464 789 efficeces
480 738 587 806 preces
602 734 683 788 sunt.

193 830 240 887 10.
270 829 339 887 Iam
353 826 520 886 admodum
535 825 674 902 mitigeti
688 827 786 885 animi
800 831 899 903 raptis
920 831 1018 885 erant.
1061 827 1105 886 At

152 931 314 1003 rapterum
328 930 472 1002 parentes
486 930 555 983 tum
569 924 704 983 maxime
719 924 846 983 sordide
855 930 942 983 veste
957 923 1106 984 lacrimis-

153 1041 213 1099 que
228 1027 260 1081 et
275 1022 422 1099 querellis
437 1021 581 1081 civitetes
598 1020 803 1081 concitabant.
847 1022 914 1081 Nee
936 1022 1020 1079 domi
1039 1026 1106 1081 tan-

152 1124 221 1178 tum
247 1118 491 1193 indignetienes·
508 1117 719 1192 continebant,
748 1117 804 1177 sed
838 1118 1105 1193 congregebantur

153 1215 291 1292 undique
306 1215 346 1274 ad
363 1215 469 1274 Titum
491 1214 626 1288 Tatium,
642 1224 747 1289 regem
769 1214 963 1290 Sabineium,
979 1220 1012 1274 et
1025 1214 1106 1291 lege

153 1312 255 1371 tienes
270 1320 314 1386 ce,
331 1311 413 1389 quod
435 1310 606 1370 meximum
625 1311 712 1370 Tatii
731 1320 843 1369 nemen
862 1310 896 1369 in
914 1311 954 1371 iis
975 1312 1106 1387 regioni-

153 1409 211 1468 bus
239 1413 315 1483 erat,
336 1407 570 1467 conveniebant.
613 1407 822 1468 Caeninenses
851 1408 1105 1486 Crustuminique
1140 1421 1156 1467 2

153 1510 185 1564 et
206 1505 412 1565 Antemnates
434 1509 531 1580 erant,
547 1504 588 1564 ad
602 1514 680 1581 ques
702 1504 768 1563 eius
791 1504 924 1563 inieriac
947 1524 1019 1583 pars
1040 1524 1106 1584 per·

152 1601 281 1662 tinebat.
325 1602 423 1660 Lente
438 1619 529 1677 agere
545 1601 596 1661 his
618 1600 729 1661 Tatius
752 1601 923 1678 Sabinique
937 1611 999 1661 visi
1013 1608 1104 1679 sunt;

153 1698 216 1776 ipsi
236 1698 319 1757 inter
340 1708 373 1757 se
394 1703 457 1757 tres
479 1697 588 1775 populi
611 1698 817 1757 commeniter
837 1697 955 1758 bellum
983 1705 1103 1777 parant.

152 1796 204 1855 Ne
221 1795 416 1855 Crustumini
433 1794 559 1871 quidem
574 1799 668 1871 atque
689 1794 896 1855 Antemnates
918 1805 975 1872 pre
996 1796 1105 1855 erdere
1141 1808 1156 1853 3

153 1900 262 1969 ireque
277 1891 518 1951 Caeninensium
533 1890 610 1951 satis
626 1901 659 1951 se
673 1890 807 1968 impigre
822 1898 964 1967 movent,
986 1892 1033 1951 ita
1050 1912 1106 1970 per

154 1997 188 2048 se
208 1988 311 2065 ipsum
332 1997 446 2047 nemen
470 1988 643 2048 Caeninum
664 1988 699 2046 in
719 2007 828 2063 agrum
853 1988 1030 2047 Remenum
1051 1988 1107 2047 im-

152 2090 261 2162 petum
282 2084 368 2143 facit.
412 2084 474 2144 Sed
501 2084 600 2143 effuse
620 2084 819 2145 restantibus
846 2084 883 2143 fit
904 2084 1013 2145 obvius
1035 2104 1104 2144 cum
1141 2100 1156 2144 4

153 2180 293 2240 exercite
327 2181 490 2257 Remulus,
519 2180 644 2257 levique
674 2181 844 2240 certamine
874 2181 965 2241 docet
992 2192 1105 2241 venam

153 2278 222 2338 sine
245 2278 364 2337 viribus
388 2288 466 2336 iram
489 2296 565 2337 esse.
608 2278 791 2336 Exercitum
813 2277 922 2336 fundit
943 2278 1104 2356 fugatque,

153 2375 261 2434 lesum
296 2374 510 2451 persequitur3
543 2383 647 2449 regem
675 2374 709 2432 in
737 2374 856 2451 proelie
881 2375 1047 2434 obtruncet
1074 2380 1106 2435 et

154 2470 286 2549 spoliat;
318 2471 395 2530 duee
422 2470 561 2530 hostium
590 2480 690 2530 oceise
718 2471 827 2530 urbem
855 2480 956 2547 prime
984 2471 1106 2549 impete

153 2568 246 2644 oepit.
290 2568 369 2626 Inde
390 2567 530 2626 exercite
545 2567 661 2627 victere
684 2568 812 2627 reduete
835 2568 911 2644 ipse,
926 2587 996 2626 cum
1012 2569 1105 2629 factis
1141 2587 1156 2631 5

153 2664 204 2723 vir
218 2664 402 2741 magnificus
425 2669 494 2723 tum
515 2664 671 2722 faoterum
693 2669 867 2723 ostentetor
887 2664 972 2723 haud
994 2665 1114 2741 minor,

154 2760 256 2837 spolia
277 2761 364 2820 ducis
385 2760 524 2820 hostium
549 2770 632 2819 caesi
654 2770 808 2837 suspensa
830 2761 983 2819 fabricete
1008 2762 1048 2821 ad
1072 2761 1105 2820 id

154 2863 227 2935 apte
241 2857 361 2916 fercule
376 2866 485 2932 gerens
507 2856 540 2915 in
562 2856 753 2933 Capitelium
775 2857 925 2931 escendit,
941 2857 1048 2934 ibique
1070 2876 1107 2917 ea

153 2972 224 3013 cum
239 2954 280 3013 ad
294 2972 442 3031 quercum
456 2953 632 3030 pesteribus
652 2971 771 3013 sacram
790 2952 995 3029 deposuisset,
1011 2952 1105 3013 simul

205 3106 246 3155 10.
267 3110 289 3153 1.
309 3109 368 3154 tum
379 3104 508 3153 mexime:
525 3108 567 3153 ie.
576 3120 609 3152 on
620 3106 664 3152 the
674 3106 774 3164 ground
784 3106 812 3152 oi
822 3107 940 3164 personal
950 3107 1058 3166 feelings
1069 3108 1157 3155 rather

154 3176 219 3222 than
229 3176 271 3221 fer
283 3174 388 3233 general
403 3175 680 3220 reasons-tentum:
697 3179 743 3220 not
758 3178 785 3219 to
800 3175 832 3220 be
847 3175 928 3219 taken
937 3176 1000 3221 with
1017 3189 1078 3232 nec;
1094 3177 1157 3234 they

154 3244 198 3289 did
209 3248 254 3290 not
264 3243 330 3300 keep
339 3242 407 3288 their
418 3242 513 3299 feeling
523 3246 550 3287 at
558 3243 640 3297 horne,
650 3254 678 3288 as
686 3254 734 3288 one
742 3242 825 3299 might
833 3247 930 3299 expect.
961 3245 984 3288 2.
1004 3242 1098 3289 Lente:
1116 3248 1156 3290 too

154 3311 251 3368 siculo.
291 3311 313 3356 3.
339 3308 600 3365 nemen=p0pulus;
626 3309 661 3355 all
681 3310 739 3355 who
759 3322 826 3355 were
851 3310 933 3357 called
958 3311 993 3368 by
1012 3312 1056 3357 the
1080 3324 1156 3359 neme

158 3378 337 3425 Caeninenses.
368 3380 390 3423 4.
412 3375 499 3423 eirene
514 3387 555 3421 v.:
572 3390 601 3423 as
617 3378 675 3434 they
690 3390 754 3423 were
770 3379 897 3423 ecattered
911 3378 941 3423 in
951 3379 1157 3436 plundering.—

155 3445 258 3493 iiuum:
275 3446 309 3492 ci.
321 3446 501 3501 captumst.
513 3446 534 3489 3.
565 3446 587 3490 e.
609 3442 727 3491 viatere:
744 3445 807 3503 adj„
818 3443 1042 3492 victorinae—ed
1057 3444 1099 3492 id:
1108 3447 1158 3502 sor

156 3515 197 3560 the
204 3526 321 3571 purpose.
353 3513 381 3557 L.
393 3513 453 3559 here
464 3512 615 3570 practically
623 3512 735 3558 ascribes
743 3516 770 3557 to
780 3512 903 3558 Romulus
914 3513 958 3558 the
966 3512 1024 3557 first
1033 3514 1155 3572 triumph,

155 3582 254 3640 though
263 3581 295 3627 he
305 3592 364 3627 uses
373 3580 418 3626 the
425 3580 496 3627 word
507 3579 565 3626 first
575 3580 603 3625 oi
613 3580 767 3639 Tarquinius
775 3580 877 3626 Priscus
887 3580 915 3625 in
924 3593 946 3625 c.
956 3580 992 3625 38.
1001 3580 1024 3624 3.
1031 3580 1157 3638 -peeee
