2834 4117
613 330 725 378 LIBER
748 330 762 377 I
1146 322 1188 387 95

185 513 261 585 petii
288 516 359 584 capi
386 506 491 565 Ardea
518 512 631 583 posset.
675 506 741 569 Ubi
769 507 802 565 id
829 526 940 584 parum
976 507 1137 584 precessit,

185 604 347 664 obsidiene
371 603 660 679 mimitienibusque
685 609 789 680 ccepti
812 613 913 681 premi
940 604 1055 664 hostes.
1098 605 1138 662 In
1173 617 1189 661 4

185 701 237 760 his
256 706 388 775 stativis,
403 706 439 759 ut
460 699 497 758 fit
517 700 609 776 longe
630 700 730 776 magis
752 719 846 776 quarn
867 710 932 759 acri
952 700 1044 776 belle,
1060 701 1138 761 satis

186 798 277 857 liberi
291 801 481 856 commeatus
495 803 593 871 erant,
605 797 794 873 primeribus
809 803 916 856 tamen
929 798 1029 874 magis
1044 816 1136 874 quam

185 892 357 969 militibus;
380 893 460 969 regii
474 893 600 970 quidem
620 893 749 953 iuvenes
769 893 928 953 interdurn
950 895 1049 954 etium
1070 913 1139 953 con·
1174 905 1189 951 5

186 990 279 1050 viriis
306 990 642 1067 semissatienibusque
669 990 753 1049 inter
781 999 813 1049 se
849 991 1000 1051 terebant.
1044 992 1138 1050 Forte
1174 1003 1189 1048 6

186 1086 368 1164 petentibus
387 1086 438 1145 his
452 1086 537 1163 apud
559 1087 627 1146 Sex.
644 1086 861 1163 Tarquinium,
876 1087 931 1147 ubi
950 1093 983 1147 et
1004 1086 1139 1148 Conlati-

186 1202 246 1242 nus
259 1184 390 1242 cenabat
404 1183 604 1259 Tarquinius,
619 1184 728 1259 Egerii
741 1183 841 1258 tilius,
857 1184 970 1243 incidit
984 1185 1023 1244 de
1037 1185 1140 1244 uxeri·

186 1280 244 1339 bus
259 1280 395 1355 menti63
419 1299 506 1339 suam
521 1280 653 1356 quisque
668 1280 797 1339 laudare
812 1290 900 1339 miris
914 1282 1023 1340 modis.
1060 1281 1139 1340 Inde
1174 1292 1189 1339 7

187 1376 356 1436 certamine
372 1385 509 1450 accense,
525 1375 709 1436 Conlatinus
725 1383 818 1453 negat
839 1378 942 1437 verbis
963 1396 1041 1454 opus
1062 1396 1138 1452 esse,

187 1482 295 1550 paucis
318 1472 351 1531 id
372 1473 499 1549 quidem
520 1472 605 1532 heris
630 1491 720 1550 posse
750 1482 831 1548 sciri,
847 1479 1000 1549 quantum
1028 1479 1140 1557 ceteris

187 1575 325 1647 praestet
340 1569 486 1628 Lucretia
501 1587 564 1628 sua.
608 1575 626 1605 “
637 1570 728 1643 Quin,
744 1579 772 1629 si
785 1570 873 1646 vigor
888 1570 1033 1629 iuventae
1048 1570 1138 1645 inest,

188 1665 424 1725 conscendimus
448 1674 544 1741 eques
570 1665 798 1742 invisimusque
822 1672 1003 1743 praesentes
1023 1672 1141 1726 nostra·

189 1782 257 1821 rum
286 1762 436 1838 ingenia?
478 1762 518 1820 ld
544 1772 657 1838 cuique
685 1762 950 1840 spectatissimum
978 1763 1028 1837 sit,
1057 1763 1141 1839 quod

189 1865 374 1936 necopinata
395 1858 456 1917 viri
478 1858 616 1918 adventu
637 1859 805 1918 occurrerit
826 1859 953 1919 oculis.''
1001 1859 1141 1919 Incalue-
1176 1871 1191 1917 8

190 1961 260 2015 rant
270 1964 361 2031 vin63
385 1954 479 2031 “Age
493 1955 611 2014 sanel''
627 1965 742 2015 omnes.
785 1956 900 2016 (litatis
910 1966 999 2032 equis
1013 1956 1141 2015 avolant

190 2052 331 2112 Remam.
373 2053 532 2122 Quacum
553 2061 662 2129 primis
688 2062 721 2111 se
743 2053 979 2113 intendentibus
1003 2053 1141 2111 tenebris

190 2149 415 2226 pervenissent,
430 2154 566 2226 pergunt¹
584 2149 657 2208 inde
679 2148 865 2224 Conlatiam
887 2150 942 2209 ubi
963 2149 1141 2208 Lucretiam
1177 2162 1192 2207 9

190 2245 432 2323 haudquaquam
446 2251 482 2305 ut
496 2237 597 2322 regias
614 2256 721 2321 nursia,
737 2255 815 2323 quas
836 2246 870 2304 in
890 2246 1034 2305 convivia
1054 2246 1143 2304 hixri-

190 2362 250 2418 que
277 2361 348 2402 cum
376 2342 559 2418 aequalibus
587 2343 733 2401 viderant
759 2348 884 2419 tempus
914 2348 1060 2415 terentes
1087 2342 1142 2401 sed

190 2445 279 2499 nocte
295 2448 364 2499 sera
377 2439 515 2498 deditam
530 2439 619 2498 lanae
635 2439 717 2498 inter
732 2438 932 2499 lucubrantes
954 2438 1086 2497 ancillas
1108 2438 1142 2496 in

190 2536 293 2596 medie
316 2536 439 2595 aedium
463 2535 621 2594 sedentem
643 2536 818 2595 inveniunt.
861 2534 1026 2594 Muliebris
1047 2540 1143 2606 certa-
1164 2550 1192 2595 10

190 2632 285 2691 minis
313 2631 382 2692 laus
410 2649 505 2709 penes
543 2632 721 2692 Lucretiam
759 2632 831 2690 fuit.
873 2631 1056 2690 Adveniens
1093 2631 1142 2690 vir

191 2728 417 2805 Tarquiniique
431 2734 554 2805 excepti
568 2729 718 2804 benigne3
741 2728 840 2787 victor
860 2733 991 2787 maritus
1012 2728 1142 2787 cemiter

190 2825 306 2885 invitat
333 2825 435 2901 regies
463 2825 598 2885 iuvenes.
642 2825 693 2885 Ibi
722 2824 791 2910 Sex.
821 2824 1029 2900 Tarquinium
1060 2824 1143 2883 mala

190 2921 289 2981 libide
303 2922 466 2981 Lucretiae
481 2941 536 2999 per
550 2922 614 2981 vim
629 2921 819 2999 stuprandae
833 2921 933 2999 capit3
956 2940 1026 2980 cum
1041 2921 1143 2980 ferma

191 3141 287 3200 merely
295 3142 339 3188 the
347 3142 418 3201 king.
449 3144 471 3187 4.
490 3141 613 3188 stativis:
628 3143 672 3187 the
682 3154 770 3198 campa
780 3141 855 3188 made
865 3153 1001 3201 necessary
1008 3143 1043 3200 by
1050 3141 1094 3187 the
1104 3140 1194 3199 length

190 3210 218 3253 oi
242 3212 286 3256 the
308 3208 606 3269 siege—commeatis:
627 3210 779 3266 furlouyha.
816 3211 839 3255 a.
860 3207 947 3255 etium
969 3242 974 3254 .
997 3242 1003 3255 .
1026 3242 1032 3254 .
1052 3206 1192 3256 armant:

190 3278 282 3323 whiled
292 3291 367 3335 away
379 3278 446 3323 their
458 3277 604 3335 inactivity.
634 3280 657 3322 6.
678 3274 852 3334 petentibus:
870 3277 952 3323 either
962 3278 1016 3324 dat.
1028 3290 1058 3323 or
1067 3277 1118 3323 abl.
1130 3278 1194 3324 with

189 3344 291 3392 incidit.
322 3348 345 3392 7.
366 3344 446 3399 Quin:
465 3346 523 3402 why
541 3345 819 3402 noti-praesentes:
835 3346 898 3391 with
914 3358 963 3390 our
979 3357 1037 3391 own
1052 3343 1194 3403 epea-Id

152 3461 154 3467 ,
192 3445 198 3457 .
213 3394 225 3458 d
240 3446 245 3457 .
262 3410 312 3459 sit:
330 3414 362 3460 let
374 3413 430 3459 ibat
442 3412 469 3459 be
480 3413 521 3459 tbe
536 3413 754 3470 atroiipeatprcof.
785 3415 807 3458 8.
828 3411 884 3471 Age
895 3412 972 3459 sane:
990 3413 1192 3469 commaticam

190 3480 414 3539 acolloquialism‚
431 3482 510 3527 hence
526 3481 570 3526 the
590 3481 713 3538 singular.
744 3482 766 3526 9.
788 3477 911 3527 convivia
925 3478 960 3526 1.:
982 3481 1117 3527 lacunosa
1132 3480 1194 3527 ban-

191 3548 304 3606 quetiny.
314 3548 442 3597 —lanem
459 3548 579 3607 spinning
589 3549 638 3595 and
650 3548 774 3608 wearing.
