2834 4117
567 340 678 389 niara
702 340 717 389 1
1100 330 1142 394 39

139 518 212 591 sint,
229 521 261 575 et
282 534 338 592 ego
359 526 463 591 regem
484 521 625 576 nostrum
646 515 797 576 Cluilium
818 534 942 576 causam
963 514 1092 575 heiusce

140 632 208 673 esse
226 612 302 672 belli
321 613 445 671 audisse
462 613 579 687 videor,
597 631 654 671 nec
675 617 707 671 te
729 612 846 687 dubite,
865 612 964 688 Tulle,
984 613 1092 671 eadem

140 728 214 787 prae
236 714 269 768 te
288 709 386 789 ferre3
410 709 464 768 sed
487 719 514 768 si
527 718 602 767 vera
618 709 724 785 potius
742 728 835 785 quam
852 709 939 767 dicte
954 709 1093 786 speciesa

141 806 274 865 dicenda
289 810 370 879 sunt,
386 806 499 882 cupide
515 805 640 882 imperii
654 806 734 865 dues
748 811 896 881 eognetes
910 815 1093 882 vicinesque

141 902 273 979 popules
288 903 328 961 ad
342 920 428 961 arma
443 901 593 961 stimulat.
636 902 757 979 Neque,
769 907 853 961 recte
867 921 907 961 an
921 921 1092 980 perperam,
1128 916 1142 960 8

142 1000 346 1075 interpretor3
376 998 473 1057 fuerit
498 999 561 1058 ista
588 998 655 1058 eius
684 998 869 1059 deliberetie
897 1009 952 1076 qui
975 999 1092 1059 bellum
1173 1011 1176 1015 ’

143 1096 295 1173 suscepit3
325 1104 374 1154 me
399 1095 516 1155 Albeni
541 1095 675 1170 gerende
699 1095 783 1155 belle
807 1096 917 1155 ducem
942 1106 1091 1155 creavere.

142 1192 230 1250 Illud
250 1197 291 1267 te,
314 1192 414 1267 Tulle,
437 1192 591 1251 monitum
613 1192 726 1251 velim:
752 1193 885 1251 Etrusca
906 1202 956 1252 res
977 1198 1094 1270 quanta

144 1289 225 1348 circe
238 1298 295 1348 nes
309 1295 403 1366 teque
418 1289 553 1348 menime
569 1288 620 1363 sit,
636 1298 698 1365 que
713 1288 886 1365 propiores
901 1291 1020 1365 Tuscis,
1035 1289 1094 1349 hec

144 1386 243 1461 magis
258 1393 327 1445 scis.
371 1385 509 1444 Multum
520 1384 570 1443 illi
581 1390 673 1459 terre,
685 1386 855 1462 plurimum
871 1396 951 1444 mari
963 1386 1092 1463 pollent.
1129 1400 1144 1444 9

144 1482 264 1540 Memor
278 1486 354 1556 este,
371 1481 433 1561 iam
448 1500 518 1540 cum
537 1490 659 1557 signum
680 1492 805 1559 pegnae
826 1482 924 1557 dabis,
938 1482 996 1541 hes
1017 1483 1094 1541 dues

144 1578 225 1637 acies
237 1578 414 1655 spectacule
422 1578 498 1653 fore,
508 1583 544 1637 ut
555 1578 655 1638 sesses
667 1579 886 1655 censentesque
898 1579 991 1637 simul
1001 1579 1096 1638 victe

144 1694 208 1733 rem
223 1694 258 1733 ac
272 1674 391 1733 victum
407 1674 636 1749 aggrediantur.
679 1676 792 1752 Itaque
814 1685 842 1734 si
860 1685 917 1735 nes
932 1675 1094 1750 diamant,

145 1772 290 1847 quoniam
312 1780 376 1830 nen
396 1776 536 1830 contenti
557 1771 703 1831 libertate
725 1777 810 1830 certe
832 1772 865 1829 in
889 1772 1016 1831 dubiam
1041 1772 1096 1830 im·

144 1868 224 1944 perii
246 1868 429 1945 servitiique
450 1867 551 1927 eleam
573 1877 664 1943 imus,
687 1869 828 1927 ineemus
852 1868 990 1945 aliquam
1011 1869 1095 1927 viam

145 1974 205 2041 que
219 1969 284 2022 utri
300 1969 380 2023 utris
399 1965 561 2041 imperent,
578 1965 645 2024 sine
666 1974 780 2040 megne
801 1965 898 2039 cleda,
914 1965 981 2023 sine
995 1965 1095 2023 multe

145 2060 295 2136 sanguine
310 2065 474 2138 utriusque
492 2061 601 2138 populi
615 2061 741 2120 decerni
754 2061 883 2138 possit.''
926 2062 1022 2120 Haud
1036 2061 1096 2119 dis
1117 2066 1146 2110 10

144 2157 241 2233 plicet
255 2166 305 2216 res
319 2157 421 2233 Tulle,
437 2176 624 2235 quamquam
641 2177 712 2217 cum
727 2158 832 2216 indole
847 2158 945 2216 animi
959 2163 1027 2216 tum
1041 2167 1096 2235 spe

144 2254 294 2313 victeriae
315 2254 448 2314 fereoior
468 2260 543 2313 erat.
586 2254 815 2325 Quaerentibus
834 2254 994 2331 utrimque
1015 2255 1096 2314 ratie

145 2349 251 2425 initur,
267 2360 318 2409 cui
332 2356 364 2409 et
377 2351 507 2410 fortene
521 2352 590 2428 ipsa
604 2351 750 2428 praebuit
763 2350 934 2410 meteriam.

183 2447 231 2506 24.
261 2448 355 2505 Forte
370 2448 404 2506 in
418 2448 538 2507 duebus
550 2453 618 2506 tum
632 2447 822 2507 exercitibus
837 2452 925 2506 erant
935 2447 1097 2522 trigemini

144 2526 259 2603 fretres
287 2562 343 2603 nec
371 2550 473 2603 aetate
501 2562 557 2603 nec
585 2544 705 2603 viribus
740 2544 890 2621 dispares.
946 2544 1097 2603 Horeties

145 2640 362 2716 Curiatiesque
377 2640 477 2699 fuisse
493 2640 570 2700 satis
585 2645 716 2715 censtat‚
726 2658 783 2699 nec
792 2641 891 2699 ferme
903 2650 951 2699 res
966 2646 1097 2718 antiqua

145 2735 206 2795 alia
227 2742 276 2795 est
299 2736 451 2812 nebilior3
486 2742 592 2796 tamen
617 2737 651 2794 in
673 2746 706 2795 re
730 2742 795 2795 tam
824 2737 908 2796 clere
934 2737 1096 2796 neminum

145 2850 228 2891 error
255 2838 369 2908 manet,
398 2838 500 2892 utrius
528 2833 638 2910 populi
666 2833 803 2907 Horetii,
832 2839 934 2892 utrius
963 2834 1098 2894 Curiatii

144 2928 272 2987 fuerint.
315 2928 468 2989 Aucteres
482 2934 615 3007 utreque
630 2929 778 3005 trahunt;
799 2929 906 3006 pleres
927 2935 1032 2989 tamen
1053 2930 1098 2988 in-

144 3086 287 3135 -audisne
297 3086 403 3135 videor:
420 3089 438 3135 I
444 3089 508 3136 have
519 3090 607 3145 heard,
619 3088 638 3135 I
645 3089 737 3144 thiam
754 3090 817 3135 with
826 3088 951 3136 Cluilium
961 3090 1054 3149 supply
1064 3091 1148 3135 dieen-

145 3154 320 3203 tem.—dicte
344 3155 478 3214 speciosa:
497 3157 633 3215 plausible.
665 3159 687 3203 8.
708 3154 888 3215 interpretor:
912 3155 1145 3203 decide-luerit:

144 3224 191 3269 tut.
202 3225 267 3283 perf.
277 3225 305 3270 of
319 3223 591 3274 command-belle:
607 3223 787 3272 dat—Illud:
805 3226 846 3271 tte
854 3225 1009 3283 sodomam
1024 3239 1078 3283 cog.
1094 3238 1146 3271 acc.

145 3293 207 3337 with
226 3291 467 3339 aconitum-hec:
490 3293 541 3339 abl.
572 3294 594 3338 9.
615 3290 759 3339 1ro0rtate:
780 3294 976 3350 independence.
1007 3294 1043 3339 10.
1065 3291 1148 3345 Quae·

144 3358 280 3406 rentibus:
297 3361 351 3407 dat.
363 3365 416 3419 agt.

183 3426 226 3474 24.
249 3429 278 3475 In
289 3428 341 3474 this
357 3429 407 3474 and
423 3429 466 3474 the
477 3426 610 3485 following
623 3428 743 3486 chapters
757 3430 801 3474 the
817 3427 984 3483 alliteration,
995 3426 1147 3485 asyndeton,

146 3496 195 3541 and
216 3496 353 3543 antithesis
373 3508 417 3542 are
437 3495 554 3554 strongly
572 3496 688 3542 marked.
720 3498 741 3542 1.
762 3493 891 3543 nebilior:
911 3495 991 3541 better
1007 3493 1147 3540 known.-

146 3573 233 3609 0rror:
253 3564 428 3620 uccericium.
799 3564 807 3578 '
