2834 4117
306 322 348 386 48
684 370 693 381 .
720 330 797 380 r1r1
819 331 897 381 a1v1

355 505 556 565 Fidenatium
579 516 675 565 corno
698 506 733 565 in
746 506 912 566 Veientem
926 506 1029 567 alieno
1053 517 1170 585 pavore
1189 506 1304 585 percul-

354 622 423 661 sum
448 602 582 662 ferocior
602 602 692 661 redit.
734 603 801 661 Nec
823 602 872 661 illi
892 603 992 661 tulere
1014 603 1176 681 impetum,
1191 604 1244 664 sed
1263 604 1303 663 ab

306 709 332 753 11
354 699 454 759 effosa
477 700 555 775 fuga
577 698 694 757 flumen
715 699 870 758 obiectum
894 699 934 758 ab
953 705 1042 774 tergo
1063 701 1196 760 arcebat.
1236 700 1303 771 Quo

354 800 519 873 postquam
538 795 615 871 fuga
631 795 808 869 inclinavit,
823 796 880 854 alii
896 814 983 855 arma
999 796 1091 855 foedo
1104 796 1256 857 iactantes
1269 797 1303 854 in

354 910 466 969 aquam
491 901 575 951 caeci
596 892 737 966 ruebant,
760 892 826 966 alii,
850 892 925 951 dum
949 898 1136 952 cunctantur
1159 892 1194 951 in
1218 902 1302 971 ripis,

353 988 436 1047 inter
454 989 548 1063 fugae
569 998 754 1065 pognaeque
774 988 940 1048 consilium
961 998 1112 1066 oppresso
1154 990 1230 1049 Non
1244 989 1304 1050 alia

353 1090 426 1144 ante
440 1086 583 1144 Romana
596 1094 703 1161 pugna
716 1085 850 1144 atrocior
864 1085 935 1145 fuit

393 1182 441 1241 28.
471 1182 552 1239 Tum
573 1181 716 1241 Albanus
741 1180 906 1256 exercitus,
929 1187 1086 1258 spectator
1113 1183 1302 1257 certaminis,
1399 1165 1400 1170 ἵ

354 1278 505 1337 deductus
525 1278 560 1336 in
580 1286 714 1355 campos.
764 1276 897 1337 Mettius
917 1277 1011 1337 Tullo
1035 1278 1175 1339 devictos
1199 1280 1304 1339 hostes

354 1374 545 1450 gratulatum
566 1379 675 1433 contro
684 1372 797 1433 Tullus
809 1374 957 1433 Mettium
967 1375 1101 1449 benigno
1115 1375 1302 1453 adloquitur.
1399 1395 1400 1402 ¹

354 1471 443 1541 Quod
469 1471 548 1530 bene
575 1475 686 1545 vertat,
715 1476 819 1529 castra
847 1469 987 1530 Albanos
1015 1472 1167 1531 Romanis
1193 1477 1304 1532 castris
1399 1449 1400 1512 ἶ

353 1567 481 1642 iungere
505 1567 600 1641 iubet,
623 1566 811 1627 sacrificium
831 1566 962 1627 lustrale
986 1566 1020 1625 in
1040 1568 1124 1627 diem
1145 1574 1305 1644 posterum

318 1678 334 1723 2
353 1670 451 1741 parat.
488 1664 554 1725 Ubi
568 1663 693 1738 inloxit‚
708 1668 827 1740 paratis
842 1663 995 1738 omnibus,
1010 1669 1047 1723 ut
1060 1663 1189 1739 adsolet,
1202 1673 1306 1724 vocori

354 1761 393 1819 ad
412 1760 589 1820 contionem
606 1765 774 1836 utrumque
793 1759 965 1819 exercitum
983 1759 1079 1819 iubet.
1121 1762 1304 1835 Praeconos,

354 1857 393 1916 ab
414 1862 553 1915 extremo
574 1865 646 1931 orsi,
662 1865 780 1932 primos
799 1864 942 1914 excivere
962 1855 1111 1917 Albanos.
1153 1857 1201 1915 Ηῑ
1221 1857 1306 1918 novi-

268 2012 270 2015 .
353 1958 419 2013 tote
433 1953 528 2012 etiam
542 1961 589 2011 rei
607 1957 693 2026 moti,
708 1957 745 2010 ut
762 1961 865 2027 rogem
880 1952 1056 2012 Romanum
1073 1953 1305 2014 contionantem
1399 1967 1400 2018 l

319 2050 507 2123 aaudirent,
532 2048 668 2125 proximi
695 2048 873 2107 constitore.
915 2050 965 2107 Ex
989 2050 1161 2127 composito
1185 2056 1306 2110 armata
1399 2053 1400 2058 ’

354 2146 563 2205 circumdatur
573 2146 717 2204 Romana
730 2144 826 2220 legio;
843 2145 1077 2206 centurionibus
1092 2147 1201 2205 datum
1215 2157 1306 2223 nego-
1399 2145 1400 2220 j

318 2259 333 2303 4
353 2243 433 2302 tium
453 2248 520 2301 erat
534 2247 569 2300 ut
587 2241 654 2301 sine
670 2250 758 2300 moro
775 2240 908 2318 imperia
928 2249 1180 2319 exsequerentur.
1224 2245 1304 2302 Tum
1399 2241 1400 2288 i

352 2340 399 2399 ita
412 2338 523 2397 Tullus
541 2336 628 2423 infit:
653 2342 671 2373 “
680 2338 825 2412 Romani,
840 2348 868 2398 si
881 2357 1030 2415 umquam
1048 2346 1121 2399 ante
1140 2339 1219 2400 alios
1238 2340 1305 2400 ullo

352 2436 387 2494 in
407 2435 489 2495 bello
510 2434 574 2493 fuit
595 2434 679 2511 quod
699 2444 836 2510 primum
857 2435 906 2495 dis
927 2435 1158 2496 immortalibus
1187 2437 1305 2511 gratias

352 2532 495 2608 agerotis,
510 2530 623 2591 deinde
639 2535 763 2590 vestrae
780 2530 920 2608 ipsorum
937 2532 1058 2607 virtoti,
1073 2533 1256 2593 hesternum
1269 2534 1306 2593 id

351 2628 505 2707 proelium
525 2627 597 2687 fuit.
640 2626 832 2686 Dimicatum
854 2632 902 2687 est
922 2628 1007 2687 enim
1027 2638 1091 2688 non
1111 2629 1211 2705 magis
1233 2648 1305 2689 cum

351 2725 494 2786 hostibus
515 2743 618 2802 quarn,
636 2742 716 2801 quae
738 2723 898 2783 dimicatio
918 2725 1018 2784 maior
1039 2730 1133 2802 atque
1153 2726 1305 2803 periculo

316 2822 414 2884 ssior
435 2826 491 2897 est,
507 2839 577 2880 cum
598 2820 775 2898 proditione
796 2839 831 2879 ac
852 2820 984 2898 perfidia
1004 2822 1165 2881 sociorum.
1208 2823 1303 2899 Nam,
1391 2814 1393 2819 ’

301 3011 387 3057 Rome.
418 3011 455 3056 10.
475 3007 511 3055 ab
530 3007 621 3068 tergo:
634 3010 688 3059 ,tho
706 3009 826 3055 Veientes
843 3009 894 3055 had
912 3010 986 3056 faced
1006 3011 1090 3066 south,
1106 3012 1154 3056 but
1169 3024 1198 3057 as
1213 3011 1304 3058 Tullus

301 3079 394 3125 turned
404 3079 470 3124 from
481 3080 551 3124 them
562 3081 589 3122 to
599 3077 689 3123 attack
698 3078 742 3123 the
753 3077 889 3123 Fidenates
899 3078 961 3135 they
969 3078 1019 3124 had
1030 3078 1104 3125 laced
1115 3080 1193 3125 about
1203 3082 1304 3127 toward
1399 3101 1400 3108 ¹

301 3148 344 3192 the
360 3150 424 3200 east,
436 3145 487 3192 and
497 3159 564 3192 were
575 3159 632 3191 now
642 3145 732 3191 driven
743 3145 810 3190 back
821 3149 848 3190 to
858 3145 902 3191 the
912 3146 996 3192 Tiber.
1026 3148 1062 3191 11.
1083 3146 1167 3193 caeci:
1185 3147 1303 3206 olintum
1399 3167 1400 3170 ¹

301 3214 328 3259 in
338 3216 374 3259 22.
384 3216 406 3260 6.
417 3215 449 3269 o.‚
461 3214 529 3259 velut
540 3210 793 3259 caeca-atrocior:
811 3212 909 3269 bloody.

339 3280 382 3329 28.
404 3281 571 3327 Punishmsnt
589 3281 617 3326 of
634 3281 749 3327 Mettius.
781 3282 801 3325 1.
822 3282 973 3337 spectator:
999 3281 1083 3328 which
1101 3282 1155 3328 had
1170 3283 1303 3340 wotcbed;

300 3350 474 3397 substantives
482 3350 508 3394 in
518 3355 557 3394 tor
564 3349 635 3394 often
644 3348 759 3394 describe
767 3346 1044 3395 acts—sacrificium:
1056 3350 1302 3397 thcouovetcurilia.

300 3419 322 3463 2.
343 3416 478 3464 novitate:
496 3418 539 3462 the
549 3417 673 3474 curiosity
683 3416 712 3461 of
722 3418 766 3461 the
777 3416 882 3471 Albans,
893 3417 918 3461 in
930 3417 997 3463 their
1007 3418 1145 3474 ignorance
1160 3418 1188 3463 of
1202 3418 1303 3466 Roman

299 3489 422 3540 customs,
438 3485 479 3530 led
498 3485 568 3530 them
585 3489 613 3529 to
630 3483 691 3529 seek
708 3484 753 3529 the
770 3484 827 3529 best
844 3484 937 3542 places.
967 3486 990 3530 4.
1011 3485 1053 3530 si.
1067 3518 1072 3529 .
1086 3518 1091 3531 .
1103 3483 1170 3532 tuit:
1188 3486 1215 3543 if
1232 3487 1302 3535 there

283 3587 285 3594 s
300 3565 357 3600 ever
366 3565 418 3599 was
429 3564 445 3597 α
454 3564 555 3597 reason.
563 3548 731 3607 -ipsorum
749 3563 813 3596 own.
822 3561 938 3609 -quam
955 3553 999 3599 the
1010 3552 1117 3601 relative
1127 3554 1246 3611 precedes
1257 3556 1302 3604 tho
