2834 4117
576 344 687 393 siuns
713 344 727 391 1
1111 330 1153 395 15

148 521 270 599 dapem.
327 520 406 580 Inde
433 520 614 579 institutum
650 519 777 595 mansit,
807 518 904 578 donec
938 516 1102 577 Pinarium

147 636 247 694 genus
269 617 340 693 fuit,
360 627 400 675 no
421 621 504 676 extis
525 616 725 676 sollemnium
741 621 948 676 vescerentur.
991 614 1103 674 Potitii
1124 620 1152 664 14

147 716 187 774 ab
215 714 363 773 Euandro
391 714 493 772 odooti
520 713 679 773 antistites
705 722 785 772 sacri
810 713 877 771 eius
908 730 964 789 per
986 711 1101 771 multos

146 816 267 871 aetotos
282 811 421 884 fuorunt,
436 811 534 869 donec
553 810 671 868 tradito
688 819 788 870 servis
806 808 941 886 publicis
957 808 1102 868 sollemni

146 890 289 967 familiae
313 907 488 967 ministerio
513 926 609 982 genus
637 926 727 966 omne
752 907 941 966 Potitiorum
968 906 1098 965 interiit.

147 1005 237 1063 Haec
257 1010 324 1063 tum
349 1022 436 1064 sacra
460 1004 613 1063 Romulus
633 1014 696 1063 ona
720 1022 759 1063 ex
776 1004 919 1063 omnibus
938 1012 1102 1081 peregrina
1123 1013 1151 1057 15

147 1102 295 1178 suscepit,
320 1100 383 1160 iam
407 1106 475 1160 tum
499 1100 747 1160 immortalitatis
772 1100 891 1159 virtute
916 1105 1034 1177 partae,
1060 1100 1100 1159 ad

147 1216 242 1275 quam
257 1216 327 1257 eum
343 1216 400 1257 sua
412 1198 481 1257 fota
495 1198 658 1273 docebant,
673 1198 786 1257 fautor.

188 1295 215 1354 8.
245 1295 351 1355 Rebus
366 1296 482 1354 divinis
497 1300 557 1353 rite
574 1300 763 1371 perpetratis
782 1299 954 1371 vocatoque
972 1296 1012 1353 ad
1032 1312 1101 1353 con-

146 1390 255 1451 cilium
280 1392 493 1466 multitudine,
519 1410 598 1468 quae
621 1392 794 1451 coalescere
814 1392 849 1449 in
869 1391 979 1467 populi
1005 1400 1099 1451 unius

147 1507 259 1565 corpus
268 1488 357 1548 nullo
367 1498 400 1547 ro
409 1493 624 1566 praeterquam
638 1473 760 1563 legibus
771 1493 903 1566 poterat,
916 1487 986 1546 iura
995 1488 1098 1564 dedit;

148 1604 228 1663 quae
242 1585 288 1644 ita
307 1591 415 1645 sancta
434 1594 540 1660 generi
557 1585 719 1644 hominum
736 1590 853 1660 agresti
873 1585 940 1643 foro
961 1590 1057 1659 ratus,
1072 1585 1101 1644 si
1135 1593 1150 1638 a

148 1692 182 1742 so
197 1682 264 1759 ipse
289 1681 499 1741 venerabilem
524 1682 700 1757 insignibus
722 1681 847 1758 imperii
871 1681 1007 1755 fecisset,
1030 1700 1100 1740 cum

148 1785 251 1838 cetero
267 1778 378 1838 habito
396 1788 429 1839 so
448 1779 669 1854 augustiorem,
688 1784 757 1837 tum
779 1778 915 1837 maximo
936 1778 1099 1838 lictoribus

148 1875 312 1934 duodecim
329 1881 463 1952 sumptis
477 1876 562 1935 fecit.
606 1876 673 1934 Alii
687 1875 726 1934 ab
743 1884 871 1934 numero
890 1874 1005 1949 avium,
1021 1893 1100 1951 quae
1135 1886 1151 1930 s

148 1972 278 2047 augurio
292 1982 421 2047 regnum
439 1973 670 2050 portenderant,
686 1990 757 2031 eum
778 1977 918 2031 secutum
935 1990 1099 2030 numerum

148 2074 280 2146 putant;
295 2069 437 2128 mohaud
445 2069 585 2146 paenitet
595 2078 702 2129 eorum
715 2068 889 2129 sententiae
899 2086 975 2142 esse,
986 2068 1099 2144 quibus

148 2171 180 2224 et
201 2165 394 2244 apparitores
415 2165 474 2225 hoc
496 2184 592 2241 genus
614 2166 653 2226 ab
673 2167 817 2225 Etruscis
838 2165 997 2239 finitimis,
1017 2166 1100 2223 unde

149 2261 227 2321 sella
247 2262 374 2336 curulis,
388 2263 472 2321 unde
493 2268 566 2337 toga
586 2268 750 2339 praetexta
771 2267 897 2341 sumpta
917 2267 973 2337 est,
994 2266 1026 2320 et
1047 2282 1100 2320 nu-

148 2377 267 2417 merum
283 2377 406 2436 quoque
425 2359 528 2436 ipsum
548 2360 675 2418 ductum
697 2360 818 2436 placet3
841 2364 873 2418 et
890 2358 937 2418 ita
952 2357 1099 2417 habuisse

128 2456 308 2530 Etruscos,
344 2456 427 2532 quod
461 2474 500 2514 ex
534 2456 697 2515 duodecim
734 2455 859 2533 populis
893 2454 1100 2514 communiter

148 2557 251 2611 creato
266 2562 337 2627 rege
352 2539 491 2627 singulos
506 2551 623 2627 singuli
638 2552 748 2629 populi
761 2552 887 2611 lictores
901 2550 1053 2610 dederint.

189 2648 355 2709 Crescebat
369 2649 495 2707 interim
509 2649 582 2709 urbs
597 2648 825 2708 monitionibus
843 2648 906 2707 alia
923 2653 1017 2725 atque
1037 2648 1100 2707 alia
1134 2663 1150 2707 4

148 2745 324 2822 adpetendo
339 2745 415 2819 loca,
431 2764 500 2804 cum
516 2745 550 2803 in
565 2763 649 2822 spem
666 2745 765 2820 magis
780 2745 906 2803 futurae
925 2744 1100 2803 multitudi-

148 2842 197 2901 nis
219 2860 312 2919 quam
334 2842 374 2901 ad
397 2842 430 2900 id
454 2842 538 2919 quod
559 2846 627 2900 tum
646 2841 809 2900 hominum
830 2845 906 2916 erat,
929 2846 1097 2899 munirent.

187 3025 222 3071 14.
244 3034 329 3083 genus
338 3044 360 3061 =
369 3026 440 3081 pons.
479 3024 531 3071 The
549 3025 646 3081 change
661 3036 715 3070 was
730 3024 806 3070 made
823 3023 905 3070 under
920 3025 964 3071 the
978 3023 1104 3070 direction
1122 3023 1150 3070 oi

148 3091 245 3149 Appius
255 3092 385 3138 Claudius.
417 3092 462 3138 See
472 3093 495 3137 9.
506 3094 543 3137 29.

188 3158 211 3205 8.
238 3159 355 3205 Political
375 3160 607 3206 instituimus—2.
633 3156 691 3206 ita.
706 3160 779 3206 ..sl:
805 3160 962 3216 restrictive;
988 3160 1048 3216 oculu
1061 3193 1067 3205 .
1080 3159 1148 3217 ..ἰή

149 3231 193 3272 not
205 3260 210 3271 .
223 3260 228 3272 .
243 3224 468 3284 culmo—ipse:
485 3228 537 3274 this
552 3228 574 3273 is
590 3228 692 3285 usually
702 3228 788 3285 J'oined
804 3233 831 3273 to
841 3228 885 3273 the
900 3228 1001 3286 subiect
1010 3228 1095 3275 where
1110 3241 1149 3274 we

148 3294 290 3351 emphasize
299 3296 342 3341 tho
350 3296 487 3354 predicate.
496 3295 607 3353 hivnsclf.
615 3294 752 3341 -cotero:
764 3295 864 3342 besides
872 3296 915 3341 the
923 3296 1019 3341 lictors.
1038 3296 1061 3341 3.
1073 3306 1147 3343 eum:

148 3375 235 3420 agrees
245 3364 309 3410 with
323 3376 471 3411 numeram.
480 3362 574 3421 —mo.
588 3397 593 3409 .
607 3396 612 3407 .
625 3373 697 3410 esse:
720 3363 739 3409 I
751 3365 782 3409 do
797 3368 843 3409 not
859 3365 967 3410 tertiato
983 3369 1007 3411 to
1020 3364 1096 3421 adopt
1107 3364 1148 3410 ibe

148 3430 253 3486 opinion
268 3433 299 3488 of
311 3429 480 3478 those—hoc
495 3441 580 3490 genus
589 3450 612 3468 =
622 3431 698 3477 bilius
713 3433 823 3490 genens,
839 3432 881 3477 te.
897 3433 942 3478 the
956 3432 1150 3478 lictors—ore·

148 3496 205 3544 ito:
222 3512 256 3544 on
267 3500 306 3545 the
318 3500 493 3555 appoiutment
503 3500 533 3555 os
545 3512 561 3544 a
572 3499 652 3556 tisim
668 3500 695 3545 in
706 3512 764 3545 case
775 3500 803 3545 of
818 3513 834 3546 a
844 3499 948 3558 general
957 3512 1020 3546 war.
1049 3501 1072 3545 4.
1093 3498 1150 3545 md-

148 3562 307 3613 nitionibus:
330 3567 390 3613 inst.
406 3568 457 3613 abl.
475 3568 538 3614 with
552 3565 772 3624 adpetendo-in
787 3578 874 3625 spem:
898 3569 928 3615 in
943 3568 985 3615 tte
1000 3565 1148 3626 iope-ad
