2834 4117
551 341 661 390 LIBER
684 342 698 389 I
1083 333 1125 398 83

104 527 292 594 cognomen
307 517 394 575 faeta
408 516 598 590 indiderunt,
614 516 687 593 quia
708 534 848 576 socerum
867 535 960 592 gener
975 517 1076 595 sepul-

31 630 33 715 s
103 622 189 673 tura
210 613 384 691 prohibuit,
406 613 576 671 Romulum
597 631 720 690 quoque
740 614 934 691 insepultum
955 624 1074 691 perisse

30 716 32 773 i
104 710 288 785 dictitans3
330 719 543 789 primoresque
577 716 711 787 patrum,
747 720 824 787 ques
860 710 949 771 Servi
983 712 1110 774 rebusi

103 808 239 868 favisse
270 807 425 881 credebat,
454 807 630 883 interfecit3
667 807 809 868 conscius
844 807 958 867 deinde
993 808 1074 867 male

104 905 292 983 quaerendi
306 912 395 980 regni
409 904 448 963 ab
463 914 495 963 se
511 904 580 981 ipso
597 905 747 965 adversus
763 914 796 965 se
811 904 989 982 exemplum
1004 914 1075 982 capi

104 1021 220 1079 posse,
243 1006 372 1061 armatis
394 1020 505 1078 corpus
527 1000 781 1078 circumsaepsit3
806 1019 906 1078 neque
928 1000 1013 1059 enim
1033 1002 1110 1060 ada

104 1099 162 1159 ius
181 1107 275 1173 regni
288 1098 455 1176 quicquam
473 1102 597 1175 praeter
610 1097 676 1156 vim
693 1097 837 1173 habebat,
853 1102 890 1156 ut
904 1107 959 1175 qui
972 1115 1074 1175 neque

105 1195 231 1272 populi
244 1194 332 1255 iussu
345 1212 446 1272 neque
467 1195 646 1254 auctoribus
667 1195 810 1272 patribus
831 1199 984 1269 regnaret.
1026 1196 1074 1254 Ee
1094 1208 1110 1251 4

105 1292 295 1366 accedebat,
317 1298 353 1352 ut
374 1292 407 1350 in
428 1292 558 1351 caritate
580 1292 696 1351 civium
718 1291 799 1350 nihil
821 1301 889 1369 spei
909 1297 1075 1369 reponenti

107 1395 206 1449 metir
227 1398 356 1464 regnum
377 1388 543 1448 tutandum
566 1394 656 1448 esset.
700 1389 798 1459 Quem
816 1394 853 1448 ut
870 1388 1013 1466 pluribus
1030 1388 1075 1446 in-

108 1491 249 1561 cuteret,
272 1485 465 1561 cognitiones
493 1485 677 1562 capitalium
705 1495 809 1544 rerum
838 1486 905 1545 sine
933 1484 1073 1545 consiliis

109 1602 173 1660 per
189 1592 223 1642 se
239 1581 322 1643 selus
337 1582 509 1657 exercebat,
522 1600 638 1659 perque
653 1601 722 1642 eam
736 1600 862 1641 causam
876 1582 1024 1655 occidere,
1040 1582 1074 1659 in
1094 1598 1109 1642 5

111 1679 267 1740 exsilium
289 1697 389 1754 agere,
411 1678 501 1739 bonis
521 1678 655 1738 multare
676 1683 801 1756 poterat
821 1688 885 1738 non
913 1683 1073 1755 suspectos

111 1776 212 1835 modo
226 1780 281 1835 aut
295 1775 423 1850 invises,
439 1775 495 1835 sed
508 1776 590 1835 unde
611 1774 692 1833 nihil
714 1775 802 1835 aliud
816 1794 910 1853 quam
925 1775 1073 1852 praedam

113 1880 245 1950 sperare
266 1877 379 1949 posset.
422 1872 594 1949 Praecipue
617 1871 662 1931 ita
680 1877 806 1948 patrum
827 1880 955 1931 numere
975 1870 1075 1929 immi·
1094 1888 1109 1932 6

113 1974 197 2028 nirte
216 1967 330 2028 statuit
347 1967 451 2028 nullas
470 1968 503 2026 in
524 1973 629 2045 patres
654 1967 766 2043 legere,
783 1977 844 2045 que
865 1967 1074 2044 contemptior

113 2064 279 2142 paucitate
301 2064 371 2141 ipsa
391 2065 466 2124 orde
487 2070 579 2139 esset,
601 2064 768 2141 minusque
789 2082 845 2141 per
866 2073 899 2123 se
917 2062 1001 2122 nihil
1021 2072 1073 2138 agi

115 2162 368 2237 indignarentur.
411 2162 474 2220 Hic
496 2161 579 2219 enim
601 2170 708 2236 regum
733 2170 854 2238 primus
878 2160 1031 2220 traditum
1055 2169 1074 2218 a
1094 2170 1109 2217 i

115 2258 278 2335 prieribus
312 2266 429 2317 merem
457 2258 496 2317 de
531 2257 675 2316 omnibus
711 2263 855 2317 senatum
889 2257 1074 2316 consulendi

117 2354 225 2429 solvit,
261 2354 440 2414 domesticis
474 2353 616 2414 consiliis
650 2372 715 2413 rem
750 2354 908 2431 publicam
942 2352 1075 2413 admini-

117 2451 250 2527 stravit3
272 2449 399 2526 bellum,
414 2460 530 2527 pacem,
546 2451 682 2524 foedera,
698 2451 863 2510 societates
877 2468 933 2527 per
947 2459 980 2509 se
995 2448 1072 2526 ipse,

117 2565 191 2607 cum
219 2547 333 2625 quibus
358 2546 467 2621 voluit,
494 2546 616 2606 iniussu
643 2546 754 2623 populi
781 2565 816 2606 ac
842 2551 968 2605 senatus
996 2545 1074 2604 fecit

117 2644 317 2722 diremitque.
360 2645 545 2703 Latinerum
561 2643 621 2702 sibi
634 2642 771 2701 maxime
792 2648 916 2718 gentem
932 2642 1074 2701 concilia
1094 2656 1109 2700 8

117 2741 182 2816 bat,
207 2746 244 2801 ut
267 2749 440 2818 peregrinis
465 2758 586 2817 quoque
612 2738 724 2817 opibus
752 2739 850 2799 tutior
877 2738 960 2798 inter
988 2748 1073 2798 cives

118 2843 211 2912 esset,
226 2855 328 2914 neque
342 2835 481 2914 hospitia
495 2837 587 2896 modo
604 2854 675 2895 cum
692 2836 881 2913 primoribus
896 2845 1002 2894 eorum
1018 2835 1074 2894 sed

50 2938 53 2949 ‘
118 2934 305 2994 adimitates
327 2950 449 3010 quoque
473 2932 630 3008 iungebat.
674 2932 806 2993 Octavio
831 2931 975 2991 Mamilio
998 2933 1074 2991 Tus·
1094 2946 1109 2990 9

118 3152 213 3202 clause.
243 3155 266 3201 2.
287 3150 382 3200 rebus:
402 3152 604 3210 coare-cepi:
626 3152 720 3200 akind
736 3152 764 3198 oi
778 3164 898 3214 zeugma;
918 3152 963 3197 the
978 3150 1122 3209 precedent,

118 3222 410 3281 exemplum‚wasgiven
416 3222 451 3279 by
457 3221 510 3266 him
517 3221 568 3268 end
575 3220 687 3267 couldbe
695 3221 757 3266 used
764 3220 867 3278 against
873 3220 934 3265 him.
953 3220 975 3265 3.
984 3216 1035 3265 ed:
1046 3223 1122 3272 actm

118 3289 412 3347 litteratura-utum:
429 3289 506 3335 sicce.
536 3292 559 3334 4.
574 3286 729 3345 reperienti:
746 3288 801 3334 dat.
810 3294 878 3346 agt.;
894 3300 929 3333 sc.
938 3283 1125 3345 ei.-eogniti·

119 3357 196 3405 ὃιιῦεε
213 3358 407 3404 carnotenses
418 3356 541 3415 affecting
550 3357 594 3401 the
602 3356 648 3402 life
656 3369 686 3402 or
692 3356 756 3403 civil
763 3359 857 3411 status,
866 3360 952 3413 caput,
960 3355 988 3400 oi
998 3354 1122 3401 acitizen.

119 3427 142 3471 e.
160 3435 284 3472 caueam:
302 3426 343 3470 te.
359 3426 403 3471 the
418 3422 620 3471 crisis-bonis
636 3434 685 3469 m.:
706 3425 840 3480 confiscate
856 3424 897 3469 the
912 3426 1033 3480 property
1048 3422 1084 3478 os.
1094 3446 1124 3454 -

119 3492 221 3539 unde:
231 3507 247 3539 o
263 3492 365 3550 quibus.
395 3494 418 3538 6.
439 3490 546 3537 minue.
561 3525 566 3537 .
580 3524 585 3536 .
597 3488 819 3550 indignarentur:
841 3491 908 3537 their
923 3490 999 3536 small
1015 3490 1124 3534 number

121 3560 203 3608 would
213 3564 322 3619 prevent
332 3560 400 3607 their
410 3560 487 3618 being
497 3560 618 3606 uehemed
633 3560 661 3605 oi
675 3559 754 3617 doing
764 3559 880 3616 nothing.
910 3558 933 3605 i.
954 3554 1123 3604 donatista:
