2834 4117
578 320 689 371 LIBER
713 322 728 370 1
1111 314 1155 379 85

148 514 239 555 suam
254 514 408 574 quemque
422 496 494 556 inde
510 496 648 557 abitoros
662 516 764 574 neque
775 498 875 574 magis
886 498 1103 559 observatriros

148 592 233 651 diem
248 592 374 652 concilii
387 612 481 670 quam
497 593 563 670 ipse
582 604 637 671 qui
653 594 805 654 indixerit
821 595 972 654 observet.
1015 597 1103 655 Haec
1125 607 1139 654 i

149 693 245 765 atque
259 688 323 749 alia
337 690 445 749 eodem
460 690 652 767 pertinentia
663 691 831 751 seditiosus
846 692 1103 770 facinorosusque

149 784 242 845 homo
265 786 378 863 hisque
403 786 522 846 artibus
544 796 617 863 opes
640 788 726 846 domi
745 792 856 848 nactus
877 807 947 848 cum
967 790 1104 848 maxime

149 881 326 958 dissereret,
355 882 525 942 intervenit
553 883 751 960 Tarquinius.
805 884 839 944 Is
867 885 944 944 finis
969 886 1139 945 orationis

149 978 220 1038 fuit.
263 968 378 1039 dversi
391 989 499 1039 omnes
514 979 555 1039 ad
571 980 780 1057 Tarquinium
794 980 1012 1057 salitandum3
1038 991 1103 1059 qui,

149 1074 275 1135 silentio
289 1076 384 1151 facto,
399 1075 537 1136 monitus
551 1085 570 1135 a
584 1077 735 1154 proximis
750 1082 786 1136 ut
800 1083 948 1155 purgaret
962 1088 1004 1153 se,
1019 1078 1104 1156 quod

149 1170 182 1229 id
200 1172 351 1248 temporis
375 1172 524 1247 venisset,
546 1172 789 1250 disceptatorem
814 1174 860 1233 ait
885 1184 918 1234 se
942 1180 1104 1252 somptum

147 1267 231 1327 inter
247 1273 370 1345 patrem
388 1273 419 1328 et
440 1268 645 1344 iilium,ei1ro
665 1270 889 1330 reconciliandi
909 1280 962 1331 eos
983 1272 1017 1330 in
1038 1281 1104 1347 gra-

147 1364 226 1423 tiam
247 1370 402 1424 moratum
423 1382 509 1442 esse;
539 1372 580 1439 et,
595 1366 671 1443 quia
694 1385 732 1426 ea
753 1376 802 1427 res
824 1368 991 1428 exemisset
1012 1367 1103 1427 illum

147 1460 240 1535 diem,
259 1466 384 1538 postero
402 1462 453 1521 dio
472 1468 615 1521 actorum
636 1481 716 1539 quae
736 1463 960 1525 constituisset.
1002 1466 1034 1523 N
1036 1473 1052 1523 o
1068 1465 1103 1524 id
1123 1474 1139 1519 e

146 1557 276 1634 quidem
289 1558 329 1617 ab
343 1559 449 1618 Turno
463 1558 574 1620 tulisse
588 1560 721 1619 tacitum
742 1560 864 1636 ferunt3
887 1560 1004 1621 dixisse
1018 1562 1103 1620 enim

146 1654 268 1713 nullam
282 1654 457 1715 breviorem
468 1673 535 1716 esse
550 1656 760 1731 cognitionem
775 1675 869 1734 quam
883 1657 966 1716 inter
980 1663 1102 1735 patrem

147 1755 181 1809 et
203 1750 310 1809 filiurn
332 1761 502 1829 paucisque
523 1753 657 1829 transigi
676 1754 782 1813 verbis
802 1772 910 1831 posse:
935 1764 970 1812 ni
992 1760 1102 1832 pareat

145 1853 240 1923 patri,
255 1847 436 1907 habiturum
450 1850 660 1909 infortunium
675 1868 752 1911 esse.

187 1944 234 2003 51.
264 1946 352 2004 Haec
364 1944 511 2005 Aricinus
527 1946 560 2004 in
574 1956 678 2022 regem
690 1948 867 2007 Romanum
882 1948 1047 2025 increpans
1061 1965 1101 2007 ex

147 2040 279 2101 coneilio
293 2042 380 2101 abiit.
423 2043 522 2112 Quam
537 2061 601 2102 rem
619 2044 810 2121 Tarquinius
826 2044 988 2121 aliquanto
1007 2063 1100 2121 quam

146 2136 313 2197 videbatur
329 2138 453 2214 aegrius
472 2139 577 2199 ferens
599 2140 767 2200 confestim
789 2142 895 2200 Turno
916 2158 1022 2200 necem
1039 2150 1101 2201 ma·

147 2232 301 2309 chinatur,
330 2240 366 2293 ut
393 2235 527 2295 eundem
557 2241 717 2311 terrorem,
746 2246 808 2313 quo
836 2237 952 2296 civium
979 2238 1099 2297 animos

148 2328 231 2389 domi
252 2337 458 2408 oppresserat,
481 2332 605 2392 Latinis
627 2332 765 2392 iniceret.
807 2334 851 2392 iic
875 2333 949 2411 quia
969 2342 1025 2410 pro
1045 2334 1101 2392 im·
1120 2346 1135 2391 a

148 2427 233 2501 perio
248 2427 353 2503 palam
368 2426 503 2487 interfici
522 2438 585 2488 non
601 2434 734 2506 poterat,
750 2430 855 2490 oblato
874 2429 956 2489 falso
971 2430 1099 2489 crimine

148 2528 303 2583 insontem
323 2524 487 2600 oppressit.
531 2526 591 2584 Per
611 2525 760 2585 adversae
777 2526 926 2586 factionis
948 2526 1099 2603 quosdam

149 2617 292 2679 Aricinos
314 2638 437 2679 servum
460 2621 559 2680 Turni
583 2631 658 2681 auro
683 2622 832 2699 corrupit,
848 2627 885 2681 ut
905 2622 939 2680 in
960 2622 1100 2682 deverso

149 2714 227 2774 rium
242 2716 309 2775 eius
324 2716 389 2776 vim
403 2726 548 2793 magnam
563 2717 739 2793 gladiorum
750 2719 862 2777 inferri
876 2717 957 2778 clam
972 2719 1097 2778 sineret.

149 2810 194 2871 Ea
209 2830 280 2872 cum
301 2822 365 2873 rino
385 2819 474 2874 nocte
495 2815 636 2891 perfecta
657 2820 770 2889 essent,
793 2814 984 2892 Tarquinius
1005 2816 1099 2892 paulo
1120 2829 1135 2874 a

149 2914 219 2968 ante
233 2910 335 2968 lucem
352 2916 459 2969 accitis
477 2911 518 2970 ad
537 2921 569 2971 se
589 2910 785 2989 principibus
804 2912 989 2971 Latinorum
1009 2912 1100 2988 quasi

148 3013 180 3063 re
203 3014 285 3065 nova
307 3007 517 3083 perturbatus,
541 3026 660 3067 moram
685 3025 774 3068 suam
801 3008 990 3082 hesternam,
1012 3008 1100 3068 velut

148 3204 188 3255 yet
203 3205 248 3247 not
265 3200 362 3257 (seciae
378 3201 434 3248 that
449 3200 479 3246 he
495 3201 559 3257 coos)
578 3214 594 3247 a
602 3201 746 3261 foretgaer.
774 3203 798 3250 7.
819 3200 912 3250 eodem
926 3200 1106 3260 pertinentis:
1123 3202 1153 3259 of

149 3267 187 3313 tte
197 3280 267 3314 some
278 3268 413 3326 import—
421 3266 540 3315 artibus:
556 3269 584 3314 oi
594 3270 705 3317 sedition
715 3270 766 3316 and
776 3271 877 3330 daring.
907 3273 930 3317 8.
946 3268 974 3318 id
983 3268 1116 3329 temporis
1124 3289 1147 3308 =

148 3346 175 3379 eo
195 3334 586 3394 tempora-disceptatorem:
614 3339 763 3384 arbitrator.
803 3341 826 3385 9.
847 3337 957 3386 tulisse:
984 3351 1019 3387 sc,
1045 3338 1151 3397 Torqua>

148 3401 398 3449 nium.-tacitum:
420 3404 528 3450 without
547 3410 672 3453 comment
691 3408 727 3464 by
742 3404 1010 3453 Turnus—dixisse:
1032 3420 1067 3454 sc.
1087 3406 1151 3453 Tur·

148 3482 219 3515 aum.
227 3468 419 3517 —habitirrum
431 3504 437 3517 ,
451 3504 456 3516 .
470 3504 476 3517 .
488 3482 559 3519 esse:
577 3485 628 3519 woc
640 3474 721 3520 betide
732 3475 796 3520 him.

186 3534 229 3583 ol.
251 3538 272 3581 1.
293 3535 450 3585 vidobttur:
476 3540 575 3586 seemed
590 3545 615 3587 to
633 3542 672 3587 do.
713 3544 736 3587 2.
758 3540 808 3599 pro
819 3540 850 3588 i:
878 3542 910 3600 bv
928 3542 1012 3589 virtue
1029 3542 1059 3599 qs
1076 3541 1151 3599 (Tarr-
