2834 4117
674 301 750 350 nm
772 300 852 350 n1V1
949 280 952 285 ’

307 481 414 535 tamen
430 476 492 535 fati
512 474 732 535 necessitatem
753 475 900 535 hamanis
920 475 1070 551 consiliis,
1085 485 1163 553 quin
1184 476 1268 536 invi-

308 572 362 631 dia
380 582 468 647 regni
489 572 583 631 etiam
606 572 688 631 inter
709 572 897 632 domesticos
918 573 1022 632 iniida
1042 572 1147 631 omnia
1166 579 1267 649 atque

276 731 278 734 ,
308 668 426 729 infesta
440 669 566 728 faceret.
609 670 846 745 Peropportune
868 669 909 728 ad
929 670 1104 745 praesentis
1123 669 1266 746 quietem

309 771 410 825 statiis
438 766 555 824 bellum
580 784 650 824 oum
672 765 979 826 Veientibus-iam
1007 765 1091 824 enim
1120 764 1267 824 indutiae

274 861 641 938 temerant-aliisque
669 862 812 921 Etruscis
840 868 1008 938 sumptum.
1051 862 1091 920 In
1119 860 1268 921 sabella

308 964 341 1017 et
361 959 462 1017 virttis
490 963 522 1017 et
549 958 677 1017 fortiina
705 958 822 1017 enituit
849 957 936 1016 Tulli
943 980 951 1033 ;
979 958 1114 1035 fusaque
1140 957 1267 1033 ingenti

308 1054 446 1114 hostium
472 1054 612 1113 exercitu
635 1054 722 1113 haud
745 1055 860 1113 dubius
884 1063 948 1129 rex,
971 1073 1026 1113 seu
1053 1060 1178 1131 patrum
1207 1072 1267 1113 seu

273 1162 288 1207 4
308 1150 410 1228 plebis
437 1151 558 1209 animos
582 1150 823 1227 periclitaretur,
845 1151 978 1210 Romam
999 1150 1103 1209 rediit
1144 1149 1267 1225 Adgre-

308 1248 455 1323 diturque
470 1248 543 1306 inde
558 1248 598 1306 ad
613 1247 699 1324 pacis
714 1246 806 1323 longe
820 1247 991 1306 maximum
1006 1266 1093 1324 opus,
1107 1251 1153 1321 ut,
1168 1264 1266 1323 quem

308 1344 490 1403 admodum
510 1345 617 1403 Numa
637 1345 740 1403 divini
761 1349 868 1402 auctor
889 1343 967 1403 iuris
989 1344 1112 1418 fuisset,
1128 1343 1174 1402 ita
1194 1342 1267 1401 Ser-

309 1440 395 1500 vium
416 1441 608 1499 conditorem
629 1441 731 1499 omnis
753 1440 786 1497 in
806 1439 936 1499 civitate
964 1439 1155 1499 discriminis
1182 1439 1267 1498 ordi-

308 1555 455 1613 numque,
478 1537 591 1613 quibus
613 1537 695 1595 inter
724 1537 839 1612 gradus
866 1536 1032 1611 dignitatis
1054 1537 1266 1612 fortunaeque

274 1640 289 1684 5
309 1633 431 1711 aliquid
446 1633 621 1707 interlucet,
638 1638 756 1709 posteri
769 1633 856 1692 fama
869 1633 997 1692 ferrent.
1028 1633 1162 1693 Censum
1177 1632 1265 1692 enim

309 1730 458 1804 instituit,
474 1748 539 1787 rem
562 1730 798 1789 saluberrimam
819 1735 909 1788 tanta
929 1730 1039 1788 futuro
1060 1729 1199 1806 imperio,
1222 1748 1266 1788 ex

309 1836 371 1904 quo
384 1826 462 1885 belii
475 1826 623 1903 pacisque
638 1826 823 1885 minianen
837 1826 958 1885 viritim
979 1831 1016 1885 ut
1037 1831 1120 1899 ante,
1136 1826 1189 1884 sed
1204 1835 1266 1902 pro

308 1922 420 1983 habitu
434 1923 636 2000 pecuniarum
650 1922 770 1982 fierent.
814 1924 894 1981 Tum
909 1923 1026 1982 classes
1042 1922 1265 1999 centuriasque

259 2048 261 2052 ·
309 2026 341 2079 et
354 2020 438 2079 huno
453 2020 594 2080 ordinem
609 2038 648 2077 ex
663 2028 758 2079 censa
777 2014 939 2097 discripsit
953 2019 1004 2078 vel
1025 2028 1095 2097 paci
1116 2020 1265 2080 decorum

308 2117 358 2175 vel
372 2116 463 2177 bella.

347 2215 395 2273 43.
424 2214 474 2271 Ex
494 2213 533 2272 iis
554 2222 609 2290 qui
631 2219 757 2272 centum
779 2213 903 2272 milium
928 2213 1008 2273 aeris
1032 2218 1088 2273 aut
1112 2212 1265 2273 maiorem

308 2320 434 2370 censum
458 2309 617 2385 haberent,
640 2310 799 2385 octoginta
819 2310 955 2370 coniecit
976 2310 1143 2385 centurias,
1166 2310 1265 2386 quad-

274 2423 289 2468 2
308 2415 438 2482 ragenas
454 2406 611 2467 seniorum
630 2424 666 2465 ao
683 2406 1002 2483 iuniorum-prima
1022 2406 1132 2467 classis
1153 2415 1265 2467 omnes

257 2567 377 2625 personat
396 2567 468 2623 pain.
498 2568 520 2612 2.
542 2566 619 2624 quin:
641 2566 766 2613 translate
786 2568 821 2625 by
838 2567 1009 2624 independens
1024 2572 1151 2623 sentence,
1170 2566 1266 2613 bist.-

258 2632 361 2681 invidis
372 2645 394 2680 r.
404 2649 409 2680 ε
426 2648 490 2691 cnop
501 2635 531 2690 os
542 2634 583 2679 his
592 2634 666 2690 ropal
677 2646 771 2691 power.
779 2633 988 2681 -domestictm
1004 2636 1046 2681 his
1056 2635 1266 2692 ownsamily.-

259 2701 294 2748 ad
311 2736 316 2747 .
335 2736 340 2748 .
359 2736 364 2746 .
381 2701 484 2749 statiis:
500 2703 547 2759 sor
566 2701 676 2759 keepiny
696 2702 737 2748 tte
757 2703 869 2758 existiny
889 2704 959 2761 quia
979 2716 1073 2762 among
1097 2704 1142 2749 the
1162 2703 1262 2761 people.

258 2772 280 2815 3.
300 2769 374 2816 haud
389 2768 499 2817 dubius:
522 2770 738 2827 unquesttonatly
754 2769 827 2827 atne,
843 2771 878 2828 by
892 2771 936 2817 the
951 2772 1015 2817 wish
1034 2772 1062 2816 oi
1081 2771 1212 2829 plebeians
1231 2783 1264 2817 as

258 2838 315 2884 well
331 2851 359 2884 as
375 2838 402 2883 oi
420 2838 463 2883 the
481 2838 645 2895 aristocracy.
675 2839 698 2882 4.
719 2847 794 2895 qus:
816 2840 870 2884 aad
886 2839 1105 2895 therefore—ut:
1126 2839 1181 2897 join
1196 2838 1264 2885 with

256 2907 364 2965 ferrent,
388 2904 450 2951 final
475 2902 707 2951 clausa-omnis
730 2938 736 2949 .
759 2938 765 2950 .
789 2939 794 2949 .
815 2904 992 2952 discriminis:
1026 2920 1099 2964 every
1126 2907 1185 2952 civil
1209 2908 1264 2952 die-

258 2974 375 3028 tincttoa,
393 2973 495 3018 further
520 2972 655 3029 explained
679 2973 714 3031 by
735 2972 1259 3032 actitem-quibus...inter1tcee:

258 3041 290 3097 hp
312 3041 394 3087 which
420 3053 437 3085 α
461 3040 530 3086 clear
550 3041 661 3086 division
686 3040 770 3097 mipht
795 3054 890 3098 appear
914 3041 1024 3088 between
1049 3042 1090 3088 the
1114 3044 1208 3099 prades
1232 3043 1266 3099 of

257 3108 325 3154 rank
341 3110 394 3153 ond
403 3109 520 3165 fortune.
550 3109 572 3153 t.
591 3105 659 3155 belii
675 3141 680 3152 .
699 3141 704 3152 .
723 3141 729 3153 .
745 3106 850 3155 minis:
868 3109 985 3167 military
1000 3111 1098 3157 service
1111 3110 1161 3156 and
1176 3114 1259 3157 taxes.

257 3174 403 3223 -hshitiu
435 3175 502 3221 scale
528 3188 557 3220 or
582 3173 831 3234 holdinp.—hunc:
863 3178 904 3223 the
924 3177 1259 3237 followinp.-dssdrum:

257 3245 348 3290 suited.

295 3310 339 3357 4³.
358 3314 380 3356 1.
396 3309 514 3357 milium:
529 3323 565 3357 sc.
574 3312 682 3358 aceictm.
713 3311 766 3358 The
776 3311 886 3369 original
897 3313 991 3371 rating,
1001 3315 1099 3369 canses,
1108 3326 1162 3359 was
1169 3314 1261 3359 doubt-

257 3380 307 3426 less
321 3380 348 3424 in
362 3379 432 3434 land,
449 3385 475 3424 to
491 3379 574 3424 which
589 3393 605 3425 a
620 3392 713 3437 money
727 3379 802 3426 velue
817 3379 840 3425 is
854 3381 915 3426 here
929 3381 1005 3438 given
1022 3381 1159 3439 according
1172 3387 1200 3427 to
1215 3383 1259 3428 the

257 3446 323 3492 later
334 3447 447 3503 coinage.
478 3447 530 3492 The
547 3447 634 3505 rating
643 3447 671 3492 oi
685 3448 730 3492 the
741 3446 799 3492 first
814 3447 880 3493 class
890 3460 944 3493 was
958 3450 1068 3506 perhaps
1083 3448 1160 3501 alteo
1169 3450 1197 3494 oi
1212 3462 1259 3495 our

257 3527 357 3571 money.
384 3516 406 3558 2.
424 3514 515 3570 prima
525 3511 634 3561 elassis:
651 3515 692 3559 aa.
703 3514 807 3571 theflrst
817 3514 875 3569 call,
885 3515 956 3561 often
966 3516 1048 3562 called
1058 3517 1152 3576 simply
1160 3517 1257 3571 dasem,
