2834 4117
572 286 683 336 omns
708 284 723 335 1
1105 274 1148 339 49

134 474 178 523 ne
193 474 255 524 vos
265 462 354 525 'falsa
367 464 474 541 opinio
487 467 602 537 teneat,
617 462 741 521 iniussi
754 470 824 520 meo
838 460 957 520 Albani
975 458 1097 523 subiere

135 561 180 619 ad
202 566 337 635 montes,
358 578 414 620 nec
434 559 601 637 imperium
622 558 702 617 illud
723 575 836 631 meum,
856 557 912 617 sed
932 556 1098 616 consilium

135 662 170 716 et
197 655 327 734 imperii
348 656 508 717 simulatio
532 655 604 730 fuit,
626 660 662 713 ut
683 671 740 713 nec
761 654 859 728 vobis,
881 652 1097 729 ignorantibus

136 753 250 813 deseri
259 763 324 829 vos,
337 758 531 812 averteretur
546 762 564 811 it
578 751 748 812 certamine
762 750 895 825 animus,
907 755 939 809 et
953 748 1098 809 hostibus

136 850 366 909 circumveniri
381 859 414 909 se
428 850 467 909 ab
481 854 568 924 tergo
580 854 656 908 ratis
670 853 772 907 terror
782 865 818 905 ac
829 846 906 921 iuga
919 846 1096 906 iniceretur.

136 947 213 1006 Nec
235 965 271 1007 ea
291 946 391 1023 culpa,
414 966 508 1024 quam
529 944 797 1022 arguo,·omnium
817 943 1010 1003 Albanorum
1031 947 1096 1003 est:
1118 956 1134 1001 o

139 1044 255 1103 ducem
277 1049 377 1105 secuti
397 1048 479 1119 sunt,
494 1048 530 1104 ut
551 1049 583 1103 et
602 1044 667 1118 vos,
683 1051 712 1103 si
733 1050 794 1119 quo
815 1058 871 1116 ego
892 1039 965 1099 inde
986 1049 1098 1115 agmen

140 1140 304 1201 declinare
318 1140 496 1216 voluissem,
508 1139 672 1200 fecissetis.
709 1137 842 1197 Mettius
856 1136 911 1196 ille
926 1141 975 1197 est
989 1137 1098 1196 ductor

140 1236 271 1298 itineris
291 1237 395 1311 huius,
417 1237 549 1296 Mettius
571 1236 654 1295 idem
674 1234 769 1294 hriius
797 1232 992 1293 machinator
1012 1233 1097 1308 belli,

141 1334 279 1394 Mettius
300 1333 436 1393 foederis
458 1334 593 1392 Romani
613 1331 792 1408 Albanique
814 1335 931 1407 ruptor.
974 1329 1099 1390 Audeat

143 1429 261 1489 deinde
279 1429 358 1489 talia
373 1429 463 1504 alius,
478 1429 542 1489 nisi
562 1429 596 1488 in
609 1428 693 1487 hunc
712 1437 835 1504 insigne
853 1426 918 1485 iam
936 1426 1099 1485 documen·

144 1530 213 1585 tum
224 1526 410 1585 mortalibus
422 1525 564 1585 dedero.'’
600 1524 807 1586 Centuriones
821 1528 935 1583 armati
948 1523 1096 1583 Mettium
1119 1536 1134 1583 ’1

144 1622 390 1683 circumsistunt.
439 1622 510 1681 Rex
544 1626 647 1681 cetera
676 1626 713 1681 ut
743 1630 832 1681 orsus
862 1625 930 1679 erat
959 1620 1096 1697 peragit:

147 1723 166 1753 “
176 1719 265 1790 Quod
292 1720 407 1778 bonum
431 1720 573 1779 faustum
594 1718 735 1795 felixque
756 1716 799 1778 sit
819 1716 936 1794 populo
957 1718 1100 1777 Romano

146 1832 184 1874 ac
203 1814 284 1874 mihi
303 1815 463 1892 vobisque,
478 1814 604 1889 Albani,
623 1814 773 1892 populum
795 1832 920 1873 omnem
940 1812 1099 1873 Albanum

147 1911 280 1972 Romam
301 1912 465 1971 traducere
481 1911 516 1969 in
535 1910 639 1971 animo
659 1915 715 1987 est,
731 1910 892 1970 civitatem
911 1910 985 1969 dare
1005 1910 1099 1987 plebi,

148 2018 299 2084 primores
323 2008 359 2067 in
382 2013 486 2085 patres
511 2007 622 2083 legere,
647 2018 743 2067 unam
767 2008 885 2082 urbem,
909 2016 1006 2066 unam
1033 2025 1100 2065 rem

149 2105 305 2180 publicam
319 2105 430 2164 iacere.
467 2106 514 2166 Ut
529 2122 567 2163 ex
581 2113 644 2163 rino
655 2104 812 2181 quondam
827 2104 860 2162 in
874 2104 953 2164 duos
967 2104 1099 2181 populos

150 2201 250 2262 divisa
264 2201 388 2261 Albana
401 2214 451 2263 res
468 2206 524 2276 est,
540 2210 585 2261 sic
601 2219 684 2260 nunc
700 2201 736 2259 in
753 2210 851 2259 unum
870 2201 1006 2260 redeat.''
1047 2201 1099 2259 Ad
1120 2215 1136 2261 e

149 2296 223 2357 haec
238 2297 363 2359 Albana
376 2298 474 2375 pubes
487 2297 616 2357 inermis
631 2298 815 2357 obarmatis
830 2302 946 2374 saepta,
957 2297 993 2355 in
1002 2297 1099 2358 variis

151 2394 363 2454 voluntatibus
382 2404 539 2454 commimi
557 2400 663 2453 tamen
681 2399 769 2453 metri
782 2400 922 2470 cogente,
937 2393 1099 2454 silentium

149 2496 242 2551 tenet.
286 2493 367 2550 Tum
388 2491 499 2551 Tullus
521 2491 642 2550 “Metti
663 2490 801 2565 Fufeti,”
822 2490 936 2568 inquit,
956 2495 1011 2550 “si
1030 2490 1099 2569 ipse
1120 2513 1136 2558 9

151 2587 268 2648 discere
288 2596 396 2665 posses
417 2586 512 2646 fidem
532 2605 568 2647 ac
589 2587 719 2646 foedera
738 2595 872 2663 servare,
889 2596 962 2646 vivo
982 2586 1043 2646 tibi
1064 2606 1101 2647 ea

150 2760 218 2806 word
233 2764 261 2806 to
276 2758 360 2806 which
374 2758 396 2804 it
411 2759 432 2805 is
447 2770 481 2805 an
496 2758 646 2817 appositive,
661 2770 689 2804 as
705 2758 732 2803 in
747 2759 784 2803 21.
795 2759 832 2805 b'l.
841 2760 864 2803 4.
892 2759 915 2803 5.
926 2756 1043 2805 mussi:
1060 2760 1082 2806 it
1096 2771 1150 2805 toas

150 2832 192 2874 troi
202 2827 234 2885 by
245 2840 289 2884 my
300 2828 444 2873 command.
451 2823 640 2873 -cdneiliumz
656 2831 808 2883 stratorem.
816 2828 883 2872 -ut
892 2836 954 2872 nec:
971 2827 1072 2873 instead
1080 2828 1108 2872 oi
1118 2828 1150 2873 ni

149 2908 180 2941 on
195 2899 303 2942 account
317 2894 345 2941 oi
360 2895 403 2941 the
418 2893 550 2953 following
560 2899 592 2941 et.
623 2894 675 2940 The
691 2894 810 2953 negative
822 2894 928 2952 belongs
938 2899 965 2941 to
977 2894 1149 2951 eucnemon

149 2964 224 3019 ochis,
246 2963 301 3009 dat.
317 2974 346 3009 as
361 2962 475 3009 hostibus
489 2963 713 3009 below-terror
724 2995 730 3007 .
743 2996 749 3008 .
763 2959 859 3019 ‚1113ae
876 2962 1029 3019 correspond
1044 2967 1072 3009 to
1087 2961 1150 3008 Pal-

150 3029 195 3077 lite·
210 3030 262 3077 and
277 3030 374 3076 Pacori
388 3031 415 3076 oi
430 3044 453 3077 c.
468 3032 506 3077 27.
538 3032 561 3077 6.
582 3027 685 3086 ductor,
703 3027 882 3086 mechindton
898 3032 1008 3087 ruptor:
1029 3034 1090 3077 note
1105 3032 1149 3076 the

150 3099 223 3145 order
233 3098 262 3145 of
277 3099 349 3144 these
364 3098 448 3145 words
464 3098 491 3143 in
506 3098 656 3145 connection
672 3098 736 3143 with
750 3099 795 3143 the
810 3098 945 3155 genitives,
957 3099 992 3157 by
1006 3099 1089 3145 which
1104 3099 1149 3145 the

149 3165 225 3213 latter
242 3178 287 3213 are
304 3166 416 3224 brought
432 3166 487 3212 into
505 3164 836 3225 prominence.—Audeat:
858 3166 952 3212 almost
969 3179 985 3212 a
1001 3179 1089 3223 curse;
1115 3166 1149 3213 let

149 3236 257 3281 another
266 3235 329 3279 dore
340 3232 434 3289 unless,
445 3234 492 3279 but
502 3234 523 3280 ii
539 3235 551 3280 Ι
565 3234 633 3281 shall
643 3233 736 3291 punish
746 3234 781 3278 Μ.
793 3235 855 3280 then
866 3234 903 3280 let
913 3235 967 3279 him
982 3237 1028 3280 not
1042 3236 1112 3281 dare.
1120 3259 1149 3268 —

148 3299 350 3349 documentum:
367 3303 411 3349 the
421 3302 539 3359 warning
546 3302 597 3348 and
608 3303 651 3348 the
659 3301 825 3359 punishment
832 3315 876 3348 are
884 3302 1016 3348 confused.
1047 3304 1069 3349 7.
1086 3300 1149 3347 civi·

148 3370 246 3416 tdtem:
264 3367 573 3427 citizenship—urbem:
595 3370 669 3416 local.
677 3378 772 3416 -rem
782 3380 823 3426 p.:
844 3367 1040 3427 politiori—in
1052 3402 1058 3414 .
1071 3402 1077 3414 .
1089 3402 1095 3415 .
1108 3369 1150 3416 οό-

149 3440 239 3496 gente:
256 3438 318 3485 with
334 3439 452 3495 different
462 3437 585 3495 seeliaya
598 3437 642 3484 bat
658 3438 741 3483 undo
750 3450 767 3482 c
776 3448 893 3483 common
902 3438 981 3495 sear;
997 3438 1032 3483 of.
1043 3451 1065 3483 c.
1077 3439 1113 3484 17.
1124 3439 1147 3483 3.

149 3506 170 3549 9.
190 3504 306 3552 discere:
324 3504 471 3552 oontrssted
486 3504 550 3552 with
565 3502 750 3551 doce-vivo:
768 3503 909 3564 emphatic;
924 3504 944 3551 I
950 3504 1034 3551 womd
1049 3504 1082 3550 let
1096 3518 1148 3563 you
