2834 4117
463 305 466 309 ’
565 330 676 380 Lmen
699 330 715 381 1
1098 321 1142 387 69

137 506 289 583 gnissime
302 504 477 565 habuerant
491 515 524 565 se
539 506 643 584 patrie
659 514 755 583 regne
769 505 884 566 tuteris
899 506 1011 565 fraude
1025 506 1092 584 pul-

138 612 196 676 sos
217 612 349 678 regnare
370 604 489 662 Remae
511 603 748 662 advenamnen
769 603 861 662 modo
882 612 1013 677 vicinae,
1036 603 1090 663 sed

137 708 176 757 ne
190 688 323 759 italicae
338 699 464 775 quidem
480 699 599 775 stirpis,
614 705 682 758 tum
702 698 875 775 impensius
897 700 936 759 iis
958 699 1092 775 indigni-

138 801 186 855 tes
210 805 358 869 crescere,
381 804 408 854 si
431 804 471 853 ne
499 796 538 854 ab
565 794 737 871 Tarquinie
765 796 891 871 quidem
919 796 959 855 ad
987 805 1020 856 se
1047 815 1092 855 re-

139 892 220 952 diret
248 901 388 968 regnum,
414 892 469 951 sed
497 909 645 969 praeceps
673 892 747 950 inde
775 901 868 970 porre
896 893 936 951 ad
963 892 1126 952 servitiae

139 989 271 1063 caderet,
293 988 384 1047 utin
409 988 517 1047 eedem
542 988 670 1047 civitate
695 994 768 1066 post
791 989 997 1048 centesimum
1024 990 1091 1048 fere

139 1103 253 1144 annum
269 1085 353 1161 quod
366 1085 530 1159 Romulus,
546 1085 604 1144 dee
618 1091 800 1162 prognatus,
816 1085 893 1145 deus
913 1086 991 1163 ipse,
1005 1091 1093 1145 tenu-

140 1182 198 1241 erit
224 1191 356 1258 regnum
384 1181 482 1240 denec
509 1181 543 1239 in
563 1187 656 1240 terris
677 1181 784 1257 fuerit,
807 1182 840 1240 id
862 1201 979 1257 servus,
1002 1192 1092 1242 serva

139 1283 240 1353 uetus,
269 1278 437 1361 possideat.
484 1277 563 1338 Cum
591 1268 754 1337 commene
782 1278 919 1337 Remeni
944 1279 1090 1353 neminis,

140 1380 206 1433 tum
233 1374 401 1453 praecipue
422 1374 455 1432 id
477 1374 587 1434 domes
613 1393 686 1434 suae
708 1374 842 1434 dedecus
863 1376 940 1450 fore,
963 1385 991 1435 si
1010 1375 1093 1434 Anci

141 1472 220 1546 regis
234 1470 323 1529 virili
340 1470 438 1548 stirpe
460 1471 548 1530 salve
568 1480 632 1530 nen
652 1459 745 1529 modo
766 1471 896 1531 advenis
917 1472 973 1531 sed
994 1482 1092 1533 servis

141 1568 234 1627 etiam
248 1577 379 1644 regnum
394 1568 512 1627 Remae
526 1573 655 1645 pateret.
688 1569 785 1627 Ferre
796 1568 893 1643 igitur
907 1586 975 1628 eam
990 1578 1093 1628 arcere
1112 1588 1128 1634 4

142 1664 360 1724 contumeliam
376 1669 527 1724 statuunt.
572 1648 684 1724 Sedet
702 1664 836 1723 iniuriae
858 1665 946 1724 dolor
967 1665 1000 1723 in
1021 1668 1094 1725 Tar·

142 1761 283 1837 quinium
298 1761 401 1838 ipsum
423 1762 523 1836 magis
544 1780 638 1837 quam
659 1761 693 1819 in
716 1761 860 1820 Servium
881 1770 934 1821 ees
955 1762 1094 1822 stimule-

142 1857 201 1933 bat,
223 1864 256 1918 et
281 1876 352 1916 cum
376 1858 499 1933 gravior
523 1857 607 1916 ultor
631 1858 746 1932 caedis,
772 1866 800 1917 si
825 1864 1009 1935 superesset,
1038 1869 1094 1918 rex

141 1954 265 2015 futurus
280 1959 348 2014 erat
362 1972 455 2030 quam
470 1960 628 2031 privetus3
650 1959 719 2013 tum
738 1954 847 2013 Servio
868 1964 969 2014 oecise
990 1974 1094 2032 quem·
1113 1970 1128 2016 5

142 2070 271 2130 cumque
286 2051 385 2110 alium
400 2069 547 2126 generum
562 2050 740 2126 delegisset,
757 2051 890 2109 eundem
904 2061 993 2127 regni
1009 2052 1095 2110 here·
1144 2127 1147 2133 .

141 2148 209 2207 dem
236 2149 380 2208 faotdrus
401 2147 582 2223 videbetur;
611 2147 650 2207 ob
670 2147 748 2207 haec
775 2147 838 2224 ipsi
865 2156 933 2224 regi
959 2148 1093 2208 insidiae

141 2251 297 2321 parantur.
340 2244 390 2303 Ex
417 2244 597 2321 pasteribus
623 2244 685 2303 duo
707 2244 898 2304 fereeissimi
918 2244 1033 2304 delecti
1053 2244 1094 2304 ad

140 2342 272 2417 facinus,
289 2341 402 2420 quibus
417 2347 558 2400 censueti
574 2346 664 2400 erant
683 2346 816 2419 uterque
837 2341 1013 2417 agrestibus
1034 2341 1095 2399 fer-

140 2445 298 2513 ramentis,
321 2438 356 2497 in
376 2437 533 2497 vestibule
554 2437 657 2513 regiae
678 2456 773 2513 quam
794 2443 923 2515 potuere
944 2436 1107 2496 tumultu?

141 2537 281 2597 esissime
303 2534 407 2613 speeie
428 2544 514 2594 rixae
536 2534 570 2591 in
591 2544 624 2593 se
645 2544 753 2594 omnes
775 2534 970 2611 appariteres
991 2534 1093 2610 regies

139 2637 334 2692 convertunt,
377 2632 469 2706 Inde,'
486 2650 557 2690 oum
578 2631 669 2692 ambe
691 2640 796 2709 regem
818 2631 1014 2709 appellerent
1035 2631 1094 2690 ole-

140 2748 266 2808 morque
288 2738 394 2789 oerum
415 2728 543 2806 penitus
565 2727 599 2786 in
622 2728 738 2805 regiam
764 2728 968 2806 pervenisset,
989 2734 1094 2788 voceti

139 2878 202 2931 cate,
214 2874 263 2921 but
278 2873 300 2919 is
315 2872 395 2919 taken
411 2886 445 2930 up
459 2872 494 2930 by
504 2871 678 2919 anacoluthon
692 2872 720 2917 in
735 2870 874 2918 its-nen
888 2868 978 2917 modo:
995 2884 1030 2917 sc.
1044 2874 1097 2918 nen
1108 2886 1142 2918 on

139 2946 247 2989 account
267 2941 294 2987 ot
314 2942 358 2987 the
373 2941 505 2999 following
522 2942 576 2987 ne.
596 2974 601 2985 .
619 2973 625 2985 .
643 2936 1141 2998 quiuem.-tndigritas=tndiqnerto,

140 3009 282 3057 bitterness.
313 3010 335 3054 3.
357 3006 483 3055 servitia:
500 3009 541 3054 ior
556 3010 648 3063 serves,
665 3008 780 3054 abstract
794 3008 836 3054 ior
854 3006 1093 3054 concrete—iere:
1115 3009 1143 3054 oi

139 3078 242 3135 general
257 3081 423 3132 statements;
440 3077 483 3123 the
499 3078 561 3123 time
571 3089 625 3122 was
640 3076 682 3121 138
692 3074 898 3133 years-quod:
916 3088 1004 3133 agrees
1014 3076 1077 3120 with
1088 3077 1144 3132 rep-

141 3158 211 3192 num.
242 3148 265 3192 4.
286 3147 315 3192 et
332 3179 336 3190 .
356 3178 361 3189 .
379 3178 385 3190 .
401 3146 430 3192 et
446 3178 452 3189 .
471 3178 476 3189 .
495 3178 500 3189 .
516 3146 588 3191 tum:
611 3146 683 3191 three
700 3157 805 3191 reasons
820 3143 860 3189 led
877 3144 948 3190 thern
964 3144 1067 3201 against
1081 3144 1143 3189 Tar·

140 3215 208 3272 quin,
228 3213 268 3272 (a)
287 3213 355 3259 their
369 3212 487 3271 persona]
502 3213 598 3271 feeling
613 3213 716 3271 against
731 3212 792 3267 him,
812 3211 850 3269 (b)
868 3211 909 3257 his
924 3211 1025 3270 ability,
1041 3217 1143 3269 greater

141 3283 202 3327 than
212 3282 298 3328 would
313 3282 345 3327 be
360 3282 418 3327 that
432 3281 461 3326 ot
476 3280 589 3335 Servius,
606 3288 633 3326 to
648 3280 742 3338 punish
757 3292 773 3325 a
788 3279 901 3335 murder,
914 3280 965 3325 and
980 3279 1015 3335 (c)
1029 3280 1073 3325 the
1088 3280 1143 3326 fact

141 3351 197 3397 that
212 3351 234 3395 ii
249 3350 353 3396 Servius
362 3362 429 3395 were
444 3348 524 3394 killed
539 3348 651 3406 Tarquin
662 3347 747 3394 would
762 3346 815 3393 find
830 3348 939 3393 another
954 3346 1144 3393 son-inlara—

141 3414 263 3464 iectfirus
274 3417 347 3464 erat:
364 3421 424 3462 note
435 3417 478 3462 the
494 3416 570 3462 indic.
580 3431 585 3471 ;
602 3416 635 3461 ci.
647 3430 669 3460 c.
681 3418 703 3461 7.
715 3418 737 3460 5.
767 3417 790 3460 5.
811 3413 918 3472 quibus,
928 3422 976 3461 etc.
986 3434 1009 3451 =
1018 3415 1145 3471 iteserrd·

143 3488 233 3531 mentis
244 3498 268 3543 q.
278 3498 286 3531 .·
302 3484 370 3539 dat.;
388 3485 431 3529 the
442 3484 521 3529 rustic
532 3484 692 3542 implements
700 3482 784 3528 which
792 3483 855 3540 they
862 3482 1007 3540 commonly
1015 3483 1085 3536 used,
1093 3496 1142 3541 eg.

144 3564 189 3600 axe
204 3554 254 3600 and
270 3552 565 3609 mannes-uterque:
582 3564 669 3609 appos.
681 3556 708 3597 to
722 3552 766 3596 the
781 3551 882 3609 subject
891 3552 950 3607 dcto,
961 3551 1070 3609 perhaps
1079 3552 1144 3598 with
