2834 4117
605 336 717 384 11111
740 336 753 383 1
1137 327 1180 390 99

177 517 244 571 tate
258 511 448 587 Tricipitini,
464 519 514 568 cui
528 514 626 568 morte
641 509 731 568 filiae
746 528 840 567 causa
850 509 960 567 mortis
972 509 1130 584 indignior

178 626 215 667 ac
242 606 448 666 miserabilior
476 612 566 665 esset.
608 604 730 665 Addita
757 606 903 682 superbia
927 606 1027 682 ipsius
1048 606 1130 681 rogis
1166 619 1181 662 1

178 704 383 780 miseriaeque
419 708 450 761 et
480 703 601 761 labores
630 702 731 779 plebis
758 702 793 759 in
819 702 921 761 fossas
949 702 1129 779 cloacasque

179 800 407 859 exhauriendas
432 800 606 858 demersae:
637 800 795 858 Romanos
822 798 973 874 hominos,
995 800 1129 858 victores

179 896 318 955 omnium
345 897 427 955 circa
455 896 649 973 populorum,
675 896 802 972 opifices
830 914 866 954 ac
894 895 1046 972 lapicidas
1072 905 1129 973 pro

178 992 382 1052 bellatoribus
397 992 507 1051 factos.
552 993 688 1067 Indigna
703 992 793 1051 Servi
810 991 896 1049 Tulli
916 992 998 1067 rogis
1019 1011 1130 1051 memo
1152 1009 1180 1054 10

179 1094 248 1148 rata
261 1089 367 1148 caedis
381 1094 413 1147 et
428 1089 553 1147 invecta
572 1098 693 1165 corpori
713 1088 814 1166 patris
835 1088 972 1147 nefando
986 1089 1130 1148 vehiculo

179 1186 259 1260 iilia,
275 1174 474 1262 invocatique
494 1186 614 1244 ultores
635 1190 802 1262 parentum
823 1185 877 1243 dii.
919 1185 981 1245 His
1003 1186 1131 1245 atrooio
1152 1204 1179 1249 11

179 1282 440 1359 ribusquccrodo
461 1282 541 1356 aliis,
563 1300 643 1359 quae
664 1291 812 1359 praesens
833 1291 936 1340 rerum
957 1282 1130 1358 indignitas

179 1378 421 1456 haudquaquam
445 1378 548 1437 relata
569 1378 774 1455 scriptoribus
794 1378 904 1437 facilia
925 1378 1048 1455 subicit,
1070 1367 1153 1438 mes

179 1481 309 1534 moratis
323 1475 482 1534 incensam
496 1474 734 1533 multitudinem
751 1474 898 1551 perpulit,
913 1480 950 1534 ut
964 1475 1128 1552 imperium

179 1581 246 1646 regi
259 1571 430 1647 abrogaret,
446 1570 631 1648 exsulesque
646 1590 715 1630 esse
732 1571 853 1631 iuberet
870 1572 904 1629 L.
923 1572 1131 1649 Tarquinium

179 1686 250 1727 cum
277 1667 407 1743 coniuge
435 1685 470 1726 ac
497 1667 612 1726 liberis.
656 1668 730 1744 Ipse
759 1667 943 1743 iunioribus,
965 1678 1020 1745 qui
1047 1668 1131 1728 ultro
1152 1686 1181 1731 12

179 1765 307 1823 nomina
320 1764 446 1839 dabant,
458 1764 549 1823 lectis
563 1770 755 1840 armatisque
769 1765 810 1824 ad
823 1765 1043 1824 concitandum
1058 1766 1131 1824 inde

180 1862 329 1921 adversus
346 1871 451 1935 rogem
473 1860 645 1919 exercitum
658 1860 797 1919 Ardeam
819 1861 853 1919 in
873 1867 975 1922 castra
995 1867 1045 1922 est
1064 1881 1131 1939 pro

179 1958 298 2034 fectus3
330 1957 497 2034 imperium
521 1958 555 2015 in
579 1958 654 2016 urbe
677 1958 833 2032 Lucretio,
856 1959 1016 2035 praefecto
1044 1958 1131 2018 urbis

182 2052 244 2112 iam
263 2059 337 2113 ante
358 2054 397 2113 ab
411 2064 484 2129 roge
504 2054 661 2130 instituto,
677 2054 836 2131 relinquit.
885 2055 974 2114 Inter
988 2055 1072 2114 huno
1085 2061 1132 2114 tu·
1153 2071 1181 2116 13

182 2150 314 2209 multum
333 2150 439 2210 Tullia
456 2152 547 2209 domo
562 2150 713 2227 profugit,
728 2151 972 2226 exsecrantibus
988 2161 1131 2230 quacum-

182 2264 242 2323 que
258 2247 428 2323 incedebat,
444 2232 724 2324 invocantibusque
745 2253 912 2325 parentum
932 2248 1032 2308 furias
1053 2249 1131 2308 viris

180 2342 432 2421 mulieribusque.
755 2346 767 2378 ³

219 2442 266 2501 60.
296 2442 419 2500 Harum
434 2450 536 2499 rorum
550 2441 672 2500 nirntiis
686 2440 721 2499 in
734 2446 838 2501 castra
850 2442 989 2519 perlatis,
1005 2460 1075 2501 cum
1096 2452 1130 2501 ro

180 2546 260 2597 nova
274 2538 415 2615 trepidus
431 2548 486 2596 rox
503 2542 647 2615 pergeret
667 2538 799 2596 Romam
821 2539 860 2597 ad
881 2539 1129 2615 comprimendos

180 2640 292 2709 motus,
307 2634 396 2693 flexit
415 2634 499 2693 viam
520 2635 836 2693 Brutus—senserat
856 2634 940 2693 enim
960 2636 1131 2694 adventum

179 2740 265 2789 —no
287 2731 397 2790 obvius
417 2730 523 2807 fieret,
552 2732 723 2807 eodemque
747 2730 814 2788 iero
837 2736 976 2807 tempore
997 2731 1130 2791 diversis

179 2826 345 2887 itineribus
367 2828 485 2886 Brutus
505 2826 651 2901 Ardeam,
674 2826 865 2903 Tarquinius
887 2827 1020 2887 Romam
1042 2838 1131 2887 vona-

179 2929 262 2983 runt.
291 2923 461 3001 Tarquinio
475 2924 599 2983 clausae
613 2928 721 2999 portae
735 2922 943 3000 exsiliumque
958 2924 1128 3001 indictum,
1166 2942 1181 2985 2

179 3141 405 3198 tain;seoc.15.
426 3143 447 3188 8.
483 3142 505 3187 8.
526 3138 688 3198 Tricipitini:
717 3140 760 3198 Sp.
781 3141 914 3187 Lucretius
933 3142 1106 3201 Tricipitinus,
1137 3144 1181 3190 the

178 3208 583 3256 fatheroiLucrctia.-m0rte:
601 3209 730 3266 iorqucm
741 3221 817 3255 mors.
847 3210 869 3254 9.
889 3207 1039 3256 dimersae:
1056 3211 1099 3256 the
1109 3211 1180 3257 word
1243 3210 1247 3218 '

178 3289 231 3322 was
242 3277 299 3323 well
310 3277 410 3334 applied
421 3280 447 3323 to
458 3277 589 3323 workmen
599 3276 713 3333 engaged
724 3276 751 3321 in
761 3276 881 3334 draining
890 3277 934 3321 the
944 3277 993 3322 low
1004 3278 1055 3323 and
1065 3291 1180 3336 swampy

177 3345 276 3401 ground
295 3345 322 3390 oi
339 3346 383 3391 the
398 3345 501 3390 Forum.
533 3346 569 3390 10.
590 3340 693 3389 caedis:
710 3344 875 3390 nominative.
906 3343 1066 3391 11.relati:
1090 3346 1180 3402 supine

179 3412 241 3458 with
245 3412 350 3470 facilia,
362 3413 425 3459 with
435 3413 518 3458 which
531 3410 697 3469 scriptoribus
707 3411 730 3457 is
740 3411 840 3468 dative;
856 3411 956 3456 writers
966 3412 1050 3458 would
1065 3416 1111 3457 not
1125 3412 1179 3458 find

177 3478 199 3524 it
219 3492 280 3539 easy
298 3483 324 3526 to
345 3481 443 3527 exhibit
460 3479 503 3525 the
524 3478 570 3525 fire
588 3479 615 3524 oi
635 3479 678 3524 the
698 3478 815 3535 speaker.
846 3480 883 3524 12.
903 3476 990 3525 ultro:
1011 3479 1179 3537 voluntarily.

178 3547 214 3592 13.
235 3550 392 3605 parentum:
410 3547 512 3594 Servius
528 3547 579 3593 and
594 3546 668 3592 other
683 3546 812 3591 relatives.
