2834 4117
27 788 29 889 1

543 322 655 373 1.er
678 322 692 372 1
1077 316 1119 379 89

111 504 195 573 rent,
217 506 344 557 manere
366 496 406 557 iis
429 496 555 572 bellum,
578 497 662 573 quod
685 496 824 574 positum
846 497 1021 573 simulatur,
1037 503 1069 558 ct

111 613 170 671 per
198 593 392 653 occasionem
420 612 491 651 eum
518 593 661 653 incautas
690 592 881 653 invasurum.
924 595 1014 665 Quod
1041 604 1069 654 si
1104 607 1119 651 8

110 691 199 767 apud
220 699 273 749 eas
296 677 490 768 supplicibus
512 689 598 749 locus
619 699 683 749 nan
705 690 758 766 sit,
780 697 1011 768 pererraturum
1034 701 1068 751 sa

111 804 205 846 omne
219 786 356 861 Latium,
372 785 565 863 Volscosque
579 786 654 845 inde
669 792 700 846 et
714 787 842 863 Aequas
862 793 894 847 et
911 788 1067 848 Hernicas

27 900 28 927 ³
110 890 296 960 petiturum,
312 883 409 942 danec
425 884 465 942 ad
484 892 539 959 eas
555 883 718 960 perveniat
739 893 795 960 qui
815 894 834 943 a
855 890 980 961 patrum
1003 895 1069 944 cru·

27 990 28 1043 i
110 980 237 1039 delibus
259 984 353 1055 atque
375 979 481 1056 impiis
505 980 669 1057 suppliciis
692 985 797 1055 tegere
819 980 934 1041 liberas
955 981 1065 1041 sciant.

109 1077 261 1137 Forsitan
273 1076 368 1136 etiam
383 1076 504 1136 ardaris
519 1075 641 1153 aliquid
663 1078 703 1157 ad
724 1076 843 1137 beilum
863 1097 1011 1155 armaque
1033 1088 1066 1138 sa
1101 1092 1117 1137 9

27 1188 28 1253 1
110 1174 263 1233 adversus
278 1172 537 1250 superbissimum
552 1182 657 1248 regem
672 1191 707 1233 ac
722 1174 951 1234 feracissimum
972 1194 1067 1252 popu-

109 1270 179 1328 lum
200 1270 410 1337 inventurum.
453 1270 541 1344 Cum,
558 1278 585 1329 si
599 1269 681 1328 nihil
702 1276 907 1347 morarentur,
922 1272 1065 1332 infensus
1088 1287 1116 1333 10

27 1389 28 1414 1
109 1375 159 1426 ira
173 1376 266 1443 porra
288 1366 361 1425 inde
376 1366 517 1425 abiturus
533 1365 699 1442 videretur,
716 1367 850 1443 benigne
871 1368 911 1427 ab
933 1369 1065 1429 Gabinis

27 1466 28 1469 ’
109 1463 277 1540 excipitur.
319 1462 438 1523 Vetant
454 1472 570 1537 mirari,
587 1472 623 1537 si,
639 1462 742 1539 qualis
757 1464 791 1521 in
805 1473 898 1539 cives,
914 1464 1017 1540 qualis
1032 1465 1066 1523 in

27 1576 28 1601 ¹
110 1560 222 1634 socias,
237 1558 312 1618 talis
333 1560 374 1618 ad
388 1557 533 1617 ultimum
549 1559 583 1616 in
597 1558 711 1618 liberas
727 1558 817 1619 esset.
859 1561 899 1619 In
914 1560 1065 1638 seipsum

27 1640 28 1651 ἵ
109 1661 269 1732 postrema
284 1660 486 1730 saeviturum,
499 1664 527 1715 si
541 1654 604 1715 alia
618 1655 730 1715 desint.
775 1656 842 1715 Sibi
856 1666 930 1717 vera
942 1663 1064 1732 gratum
1087 1673 1115 1719 11

109 1752 283 1811 adventum
297 1752 364 1811 aius
379 1769 456 1825 esse,
471 1752 676 1828 futurumque
698 1753 824 1811 eradere
845 1753 943 1828 brevi,
958 1753 1065 1814 utilia

109 1848 279 1907 adiuvante
293 1852 422 1925 apertis
437 1847 569 1908 Gabinis
585 1848 642 1907 sub
657 1849 800 1908 Romana
813 1849 937 1939 moenia
947 1850 1064 1909 bellum

27 1986 28 2003 .
108 1945 329 2005 transferatur.

150 2042 199 2100 54.
228 2042 308 2101 Inde
323 2040 357 2099 in
371 2040 503 2101 cansilia
521 2039 647 2117 publica
668 2041 818 2101 adhiberi.
861 2043 927 2103 Ubi
940 2061 1011 2102 cum
1026 2044 1065 2103 da
1094 2100 1099 2107 .

27 2192 28 2195 ,
108 2137 183 2198 aliis
197 2138 289 2197 rebus
304 2137 462 2197 adsentire
478 2147 511 2197 sa
524 2137 684 2197 veteribus
707 2138 840 2199 Gabinis
856 2140 984 2215 diceret,
1000 2141 1065 2217 qui-

108 2235 169 2294 bus
190 2252 244 2293 cac
265 2234 403 2293 natiaras
431 2238 544 2309 essent,
567 2234 635 2310 ipse
657 2233 830 2294 identidem
859 2235 937 2295 belli
957 2245 1065 2296 auctor

108 2349 187 2405 esse,
206 2336 238 2391 et
254 2330 288 2389 in
305 2340 341 2390 ec
359 2330 421 2390 sibi
443 2330 645 2407 praecipuam
668 2330 869 2407 prudentiam
892 2333 1064 2408 adsumere,

108 2428 195 2504 quod
214 2432 379 2504 utriusque
401 2426 512 2504 popuii
527 2436 609 2487 viras
625 2433 739 2502 nasset,
756 2434 911 2505 sciretque
929 2429 1065 2489 invisam

107 2524 251 2600 profecta
280 2523 458 2600 superbiam
483 2523 600 2598 regiam
622 2524 744 2583 civibus
766 2543 842 2600 esse,
865 2544 957 2601 quam
981 2526 1064 2585 ferre

107 2629 151 2678 na
171 2619 263 2680 liberi
288 2620 415 2697 quidem
437 2620 621 2697 potuissent.
665 2621 718 2679 Ita
738 2639 808 2680 cum
824 2622 939 2681 sensim
960 2622 1065 2682 adra
1099 2635 1114 2681 a
1150 2673 1152 2677 .

107 2703 296 2776 bellanduni
317 2726 468 2793 primaras
498 2717 692 2777 Gabinarum
717 2716 876 2792 incitaret,
898 2718 966 2795 ipse
993 2737 1064 2778 cum

106 2812 355 2890 pramptissimis
377 2813 526 2871 iuvenum
553 2813 738 2889 praedatum
763 2819 858 2890 atque
883 2814 917 2872 in
941 2815 1065 2891 expedi-

54 2960 55 2965 ,
106 2909 212 2969 tianes
233 2914 302 2983 iret,
318 2914 351 2967 et
370 2909 463 2969 dictis
485 2909 641 2986 factisque
662 2909 806 2969 omnibus
827 2910 868 2968 ad
888 2906 1064 2971 fallendum

27 3024 28 3060 1
105 3011 272 3065 instructis
287 3014 369 3065 vana
382 3006 575 3065 adcresceret
589 3004 676 3080 fides,
692 3006 757 3064 dux
772 3006 813 3065 ad
825 3004 973 3065 ultimum
987 3007 1064 3067 beili

105 3202 172 3258 they
181 3213 247 3247 were
258 3200 378 3255 enemies,
390 3200 440 3247 and
451 3204 478 3246 to
488 3204 596 3258 prevent
606 3200 717 3246 mistake
728 3213 760 3245 on
772 3200 840 3246 their
853 3206 913 3259 part
926 3201 959 3248 he
973 3203 1028 3250 told
1043 3204 1114 3251 them

106 3270 168 3315 that
178 3280 234 3315 war
243 3281 297 3315 was
313 3268 419 3326 waiting
434 3269 475 3314 ior
489 3269 568 3314 them.
600 3269 640 3319 10..
657 3267 699 3313 εἰ.
714 3301 719 3312 .
733 3269 937 3315 morarentur:
953 3282 988 3315 sc.
1000 3283 1060 3317 eum
1067 3284 1077 3329 ;
1090 3270 1116 3328 is

105 3337 168 3394 they
180 3337 225 3383 did
236 3341 282 3382 not
297 3349 354 3381 carc
363 3348 371 3391 ;
388 3336 462 3393 litis
475 3336 533 3393 they
545 3336 590 3381 did
605 3340 649 3381 not
659 3336 734 3393 celuy
745 3336 939 3383 biam-esset:
956 3350 991 3383 sc.
1008 3339 1114 3397 Tarqui·

27 3392 28 3447 i
105 3405 176 3451 nius.
207 3406 243 3449 11.
262 3400 330 3448 Sibi:
347 3405 390 3449 the
401 3402 549 3449 Gabinians.

146 3471 189 3519 54.
207 3473 229 3517 1.
247 3469 381 3517 adhibari:
398 3469 709 3517 hiscant—adsumere:
726 3470 844 3516 claimed.
874 3473 896 3517 2.
910 3469 1112 3521 rebellandum:

105 3554 190 3587 renero
213 3539 254 3585 the
275 3537 541 3596 mam-praedatum
554 3571 559 3583 .
573 3571 579 3584 .
593 3548 666 3585 .ex.:
693 3537 853 3597 plenarian
871 3539 1112 3596 serava.-dictic:
