2834 4117
568 278 680 329 LIBER
703 279 718 328 Ι
795 274 798 280 ’
1100 268 1143 335 55

139 457 292 533 religione
306 455 440 515 fulmine
454 455 551 515 ictum
565 474 636 515 cum
656 455 748 514 dome
764 454 979 531 cenflagresse.
1022 454 1094 514 Tul-

23 592 24 613 i
92 570 104 583 ‘
139 555 191 614 lus
206 562 319 629 megne
333 551 433 628 glerie
446 551 523 611 belli
538 551 681 627 regnavit
695 560 793 611 annes
808 552 885 611 dues
902 557 934 611 et
952 550 1092 627 triginte

180 652 228 710 32.
259 652 383 709 Mortue
405 647 497 708 Tulle
519 658 577 723 res,
599 655 635 709 ut
656 648 838 708 institutum
862 648 926 708 iam
953 648 1027 708 inde
1054 649 1094 708 ab

139 747 234 807 initie
243 752 318 821 erat,
331 746 370 805 ad
381 750 486 823 patres
495 744 637 820 redierat,
650 745 746 822 hique
756 744 945 821 interregem
956 746 1095 806 nemine

140 849 260 904 verant.
303 842 370 913 Quo
385 842 512 901 comitia
525 841 661 902 habente
675 840 800 901 Ancum
816 842 971 901 Mercium
989 852 1094 918 regem

140 939 275 1019 populus
290 938 425 1013 creevit3
448 944 553 1015 patres
567 939 656 998 fuere
674 947 824 999 aucteres.
866 940 989 999 Numae
1006 940 1095 999 Pom·

141 1038 200 1115 pili
213 1037 296 1113 regis
311 1045 407 1113 nepes
427 1035 499 1095 filia
519 1041 605 1096 ortus
627 1034 735 1096 Ancus
756 1036 895 1095 Marcius
916 1042 991 1096 erat.
1034 1036 1095 1107 Qui
1115 1052 1131 1097 a

142 1141 177 1193 ut
199 1142 329 1209 regnerc
351 1133 462 1211 coepit,
488 1138 520 1192 et
542 1138 645 1192 avitae
668 1132 786 1209 gleriae
813 1152 940 1208 memor,
965 1140 997 1194 et
1021 1134 1096 1211 quia

143 1230 320 1309 proximum
347 1240 485 1305 regnum,
514 1235 617 1289 cetera
645 1230 813 1305 egregium,
842 1231 881 1290 ab
909 1239 973 1290 una
1006 1236 1095 1307 parte

144 1328 226 1387 haud
240 1326 318 1387 satis
332 1336 515 1404 presperum
529 1327 634 1386 fuerat
648 1333 702 1387 aut
721 1326 872 1403 neglectis
891 1327 1094 1403 religienibus

145 1432 197 1484 aut
224 1433 321 1501 preve
349 1423 452 1498 cultis,
481 1422 573 1500 longe
601 1423 857 1501 antiquissimum
891 1429 978 1484 ratus
1009 1443 1097 1500 sacra

145 1521 268 1598 publica
281 1526 317 1579 ut
332 1529 350 1579 e
363 1520 469 1579 Nume
482 1520 630 1580 instituta
644 1526 733 1580 erant
749 1521 861 1596 facere,
877 1521 981 1581 omnia
999 1539 1036 1581 ea
1057 1540 1096 1581 ex

145 1616 374 1677 commentariis
402 1617 484 1693 regis
512 1617 692 1694 pentificem
718 1617 752 1675 in
775 1617 881 1677 album
905 1618 1005 1677 releta
1030 1627 1097 1695 pre

145 1724 258 1791 penere
272 1714 307 1771 in
320 1712 446 1790 publice
460 1713 554 1773 iubet.
598 1713 677 1773 Inde
699 1720 731 1774 et
752 1714 873 1774 civibus
895 1714 952 1773 etii
973 1715 1096 1791 cupidis

146 1816 175 1870 et
187 1810 340 1870 finitimis
354 1810 535 1870 civitatibus
553 1810 640 1870 facta
659 1820 730 1887 spes
752 1810 786 1869 in
807 1820 859 1870 avi
879 1820 981 1870 meres
1002 1817 1097 1888 atque
1139 1835 1141 1837 ’

144 1908 292 1968 instituta
305 1916 410 1983 regern
425 1906 590 1967 abiturum.
635 1907 738 1983 Igitur
757 1908 874 1982 Latini,
889 1925 960 1966 cum
982 1907 1096 1984 quibus
1117 1923 1133 1968 3

145 2005 236 2065 Tulle
251 2009 402 2079 regnante
417 2003 514 2063 ictum
528 2003 640 2063 foedus
663 2009 739 2079 erat,
755 2003 947 2063 sustulerant
966 2004 1095 2079 animes,

146 2106 184 2177 et,
202 2120 273 2161 cum
302 2100 513 2160 incursienem
541 2100 574 2158 in
602 2119 711 2175 agrum
735 2101 912 2160 Romanum
936 2101 1096 2176 fecissent,

146 2196 358 2275 repetentibus
372 2206 421 2256 res
436 2197 587 2257 Remenis
603 2198 734 2274 superbe
749 2207 932 2273 respensum
951 2198 1096 2272 reddunt,

147 2294 284 2355 desidem
299 2294 476 2353 Remenum
487 2302 589 2369 regem
601 2293 684 2353 inter
696 2294 811 2353 sacella
825 2300 941 2354 oteres
955 2300 1097 2353 acturum
1191 2314 1194 2320 ·

148 2408 212 2451 esse
226 2400 358 2467 regnum
372 2395 441 2449 rati,
485 2390 625 2449 Medium
640 2390 757 2454 eratin
773 2390 861 2450 Anoe
880 2390 1050 2465 ingenium,
1065 2397 1097 2451 et
1118 2402 1133 2446 4

148 2486 267 2547 Numae
289 2492 321 2545 et
341 2486 470 2546 Remuli
491 2505 625 2562 mem0r3
648 2492 679 2546 et
701 2488 1025 2564 praeterquamquod
1045 2496 1098 2546 avi

149 2592 240 2658 regne
262 2584 362 2659 magis
383 2583 589 2643 necessariam
611 2583 711 2643 fuisse
732 2593 839 2661 pecem
860 2584 1006 2643 credebat
1027 2602 1097 2642 cum

150 2677 181 2737 in
193 2690 273 2740 nove
288 2687 355 2739 tum
369 2680 468 2739 fereci
486 2680 610 2756 popule,
626 2680 722 2740 etiam
740 2680 824 2757 quod
845 2680 894 2738 illi
915 2680 1099 2755 contigisset

150 2776 253 2851 etium,
283 2776 350 2837 sine
378 2776 494 2835 iniurie
523 2776 557 2835 id
588 2786 620 2836 se
652 2777 738 2836 haud
771 2775 865 2837 facile
900 2776 1097 2852 habiturum3

186 2955 227 3004 82.
249 2956 342 3003 Choice
361 2956 389 3003 oi
414 2956 500 3003 Ancus
522 2956 642 3003 Marcius.
679 2956 732 3003 The
752 2956 857 3003 Fetiale.
893 2958 916 3003 2.
936 2967 1047 3013 memor,
1068 2955 1145 3015 quie:

149 3024 223 3070 union
239 3024 268 3070 oi
283 3022 404 3070 different
419 3024 607 3070 constructione
622 3036 739 3069 common
754 3024 780 3068 in
796 3024 824 3068 L.
836 3023 970 3069 -cEterae
987 3025 1046 3069 adv.
1062 3036 1148 3069 acc.-

149 3091 379 3152 entiquieeimum:
398 3098 463 3139 mort
478 3090 777 3150 important-album:
799 3105 816 3139 a
830 3093 958 3139 whitcned
973 3094 1064 3141 tablet.
1095 3094 1148 3139 The

149 3164 304 3219 publication
315 3164 342 3209 oi
353 3165 396 3209 the
406 3164 523 3210 methods
534 3164 561 3210 oi
576 3162 691 3210 sacrifice
702 3176 755 3210 was
766 3167 793 3209 to
803 3168 911 3221 prevent
926 3177 1009 3211 errore
1025 3164 1075 3211 and
1091 3164 1149 3210 fail·

150 3244 192 3279 ure
207 3234 234 3279 in
248 3234 318 3279 their
333 3231 713 3291 performance.-abitfirum:
732 3246 771 3279 we
785 3233 877 3279 should
893 3235 982 3280 rather
996 3247 1052 3293 say,
1063 3235 1148 3280 would

146 3302 250 3357 prcoeed
266 3302 406 3358 according
421 3307 455 3358 to,
466 3302 506 3347 ae.
516 3302 583 3347 from
594 3302 656 3347 euch
672 3313 687 3346 a
702 3301 850 3359 beginning.
880 3302 902 3346 3.
923 3300 1052 3358 superbe:
1068 3302 1149 3348 modi·

149 3368 193 3415 fies
212 3384 229 3417 r.
249 3382 282 3425 r.,
301 3367 612 3416 assumed-desidem:
635 3369 800 3427 predicative
830 3371 854 3414 4.
875 3367 1005 3415 Medium:
1030 3370 1149 3416 interme·

149 3438 223 3493 dicte,
242 3436 365 3494 avoiding
382 3438 426 3483 the
444 3441 570 3483 extremes
588 3437 615 3483 of
634 3438 863 3483 both—memor:
887 3435 1146 3494 moadiae—quod:

149 3504 268 3561 relative;
284 3503 329 3549 the
340 3505 491 3551 antecedent
501 3504 638 3559 attracted,
649 3517 678 3550 as
690 3504 770 3549 olten.
778 3502 925 3549 -iniirritn
942 3505 1106 3551 molestation
1115 3517 1148 3551 on
