2834 4117
616 312 767 363 nmnn1
1061 364 1063 371 ,
1150 304 1191 369 ei
1279 299 1281 308 ’

191 494 230 553 ab
244 491 356 551 nirntie
370 490 478 550 uxeris
492 495 559 549 erat
573 493 753 548 conventus.
789 488 968 549 Lucretiam
984 489 1143 548 sedentem

190 594 341 649 maestam
355 588 390 645 in
404 585 547 646 cubiculo
567 586 760 645 inueniunt.¹
785 585 935 644 Adventu
956 595 1081 645 suerum
1102 585 1145 644 la
1179 598 1193 644 7

190 686 305 745 crimae
326 685 460 744 obortae.
503 684 734 759 Quaerentique
754 682 823 742 vire
845 681 964 742 “Satin
985 682 1142 744 salvae?”

192 781 381 856 “Minime''
417 780 539 858 inquit;
576 779 681 856 “quid
708 778 793 838 enim
822 777 902 838 salvi
936 783 985 837 est
1017 778 1145 837 mulieri

191 878 307 939 amisse
327 876 507 955 pudicitie?
549 876 692 952 Vestigia
711 876 774 934 viri
794 874 899 949 alieni,
916 875 1090 949 Conlatino,
1109 875 1145 934 in

190 976 271 1035 lecte
292 979 366 1035 sunt
386 980 456 1050 tue,
485 978 622 1032 ceterum
642 991 755 1049 corpus
776 976 825 1031 est
844 978 968 1031 tantum
982 972 1143 1047 violatum,

191 1072 314 1132 animus
339 1080 463 1145 insons3
492 1088 576 1129 mors
596 1070 688 1129 testis
710 1055 778 1128 erit.
823 1068 884 1129 Sed
905 1069 978 1128 date
999 1070 1144 1128 dexteras

191 1168 356 1245 fidemque,
372 1168 457 1227 haud
477 1166 604 1244 impune
626 1166 770 1225 adultere
790 1166 866 1225 fore,
910 1166 980 1225 Sex.
1003 1171 1052 1225 est
1072 1166 1146 1225 Tar·
1180 1179 1195 1224 8

192 1264 329 1342 quinius,
345 1273 408 1341 qui,
423 1263 524 1323 hostis
545 1272 601 1340 pre
622 1262 757 1340 hospite,
773 1262 876 1339 priore
897 1268 988 1322 nocte
1002 1272 1035 1321 vi
1049 1271 1146 1321 arma

191 1367 243 1421 tus
271 1361 352 1420 mihi
380 1360 510 1437 sibique,
535 1368 562 1418 si
582 1369 638 1419 ves
658 1359 721 1417 viri
748 1359 834 1433 estis,
856 1359 1044 1436 pestiferum
1069 1358 1144 1418 hinc

192 1458 324 1536 abstulit
338 1457 516 1533 gaudium.''
558 1457 645 1515 Dant
659 1455 768 1515 ordine
783 1465 891 1515 omnes
908 1455 1018 1531 fidem;
1041 1464 1146 1515 conse
1180 1469 1196 1514 9

192 1554 298 1615 lentur
321 1572 444 1631 aegram
467 1552 565 1612 animi
592 1552 762 1612 evertendo
789 1570 903 1611 noxam
924 1552 964 1611 ab
984 1557 1091 1611 coeote
1112 1552 1153 1610 in.

193 1657 350 1711 auctorem
364 1650 487 1710 delicti:
510 1654 647 1708 mentem
661 1658 788 1726 peccare
802 1658 866 1708 non
880 1667 1000 1725 corpus,
1016 1654 1048 1708 et
1060 1648 1146 1708 unde

193 1748 358 1809 oensilium
393 1746 519 1820 afuerit,
550 1744 674 1822 culpam
709 1745 825 1805 abesse.
883 1746 1003 1821 “Veis’'
1032 1745 1145 1822 inquit,
1168 1761 1197 1807 10

194 1849 212 1881 “
219 1845 371 1920 videritis,
394 1843 471 1921 quid
498 1842 548 1901 illi
575 1842 742 1920 debeatur3
770 1860 827 1919 ego
853 1851 903 1900 me
931 1847 992 1901 etsi
1018 1847 1146 1919 peccete

193 1941 329 2017 absolve,
340 1939 495 2018 supplicio
506 1948 570 1999 nen
581 1938 695 2016 libere,
719 1957 776 1998 neo
786 1938 853 1998 ulla
863 1938 976 1998 deinde
988 1938 1147 2016 impudica

193 2038 357 2098 Lucretiae
378 2036 521 2114 exemple
542 2036 658 2095 vivet.''
701 2036 854 2110 Oultrum,
869 2054 962 2111 quem
984 2035 1042 2094 sub
1058 2041 1146 2095 veste
1168 2050 1196 2095 11

194 2135 335 2194 abditum
349 2135 493 2209 habebat,
509 2152 579 2193 cum
594 2133 628 2191 in
643 2133 734 2192 corde
752 2132 876 2208 deligit,
891 2132 1098 2209 prolapsaque
1112 2132 1146 2190 in

193 2231 308 2291 vulnus
322 2230 507 2290 moribunda
521 2229 643 2289 cecidit.
687 2228 869 2289 Conclamat
883 2228 932 2286 vir
946 2234 1104 2306 paterque.
1168 2247 1197 2293 12

233 2328 280 2387 59.
311 2328 427 2386 Brutus
442 2326 508 2387 illis
522 2326 611 2385 luctu
631 2331 791 2403 occupetis
811 2323 949 2384 cultrum
962 2343 1002 2384 ex
1016 2325 1147 2384 vulnere

194 2423 358 2483 Lucretiae
379 2428 554 2483 extractum
571 2428 752 2481 menantem
767 2430 874 2482 cruere
888 2440 962 2498 prae
978 2431 1011 2480 se
1024 2426 1145 2497 tenens,

195 2520 283 2579 “Per
303 2520 415 2595 hunc,”
437 2519 551 2596 inquit,
574 2518 814 2579 “castissimum
834 2522 908 2578 ante
929 2518 1047 2593 regiam
1068 2518 1148 2577 iniu-

113 2609 117 2617 '
195 2615 273 2675 riam
296 2616 478 2691 sanguinem
500 2616 577 2690 iure,
592 2624 720 2692 vesque,
740 2614 795 2689 dii,
812 2619 910 2674 testes
931 2614 1023 2689 facie,
1038 2624 1088 2674 me
1109 2615 1145 2673 L.

195 2712 402 2789 Tarquinium
417 2711 592 2789 Superbum
611 2730 682 2771 cum
697 2710 848 2771 scelerete
867 2710 997 2787 coniuge
1016 2716 1049 2769 et
1062 2721 1148 2770 omni

195 2807 363 2869 libererum
378 2808 476 2885 stirpe
490 2809 583 2882 ferre,
599 2816 675 2884 igni,
690 2816 886 2884 quecumque
905 2807 1020 2867 dehinc
1035 2817 1067 2867 vi
1080 2826 1148 2886 pos

196 2905 264 2979 sim,
273 2910 564 2981 exsecuturum,nec
573 2903 645 2964 illes
653 2922 711 2963 neo
719 2904 1147 2981 aliumquemquamregnere

195 3001 313 3062 Romae
327 3002 521 3079 passurum.''
563 3000 706 3062 Oultrum
722 3001 835 3061 deinde
855 3001 1021 3063 Conlatini>
1039 3001 1147 3075 tredit,
1182 3016 1197 3060 a
1216 3025 1219 3028 ·

196 3098 269 3158 inde
280 3099 425 3158 Lucretio
436 3117 472 3158 ac
482 3097 618 3173 Valerie,
630 3098 829 3175 stupentibus
840 3097 991 3158 mirecule
999 3107 1055 3173 rei,
1064 3097 1147 3156 unde

195 3257 247 3305 abl.
277 3260 299 3305 i.
321 3257 428 3305 salvae:
450 3271 485 3305 sc.
501 3259 540 3303 res
555 3262 625 3313 aunt,
641 3258 664 3304 is
679 3259 701 3304 it
715 3256 905 3305 uelit-iore:
927 3258 996 3305 aiter
1011 3257 1156 3315 expression
1170 3256 1199 3303 of

195 3326 343 3383 promising.
375 3326 410 3371 10.
431 3322 569 3371 viilerltis:
588 3326 637 3371 fut.
656 3327 736 3383 peri.;
755 3339 806 3382 you
821 3326 876 3372 will
889 3326 953 3372 leave
968 3338 1059 3372 seen:
1070 3338 1109 3372 see
1127 3329 1152 3371 to
1167 3326 1197 3371 it.

196 3395 232 3439 12.
250 3392 417 3441 consumat:
434 3395 478 3439 the
493 3393 568 3439 usual
581 3392 758 3449 conclamatio,
769 3394 864 3451 calling
879 3406 947 3450 upon
962 3394 1006 3439 the
1020 3406 1097 3440 name
1111 3393 1140 3439 oi
1154 3393 1198 3439 the

196 3462 278 3577 dech'
297 3532 319 3577 1.
338 3528 446 3578 dehinc:
462 3530 662 3587 temefmacord.
692 3532 715 3575 2.
733 3528 817 3577 unde:
834 3543 869 3578 sc.
878 3534 951 3587 earet,
962 3530 1071 3578 indirect
1081 3531 1199 3589 question
