2834 4117
251 290 293 356 56
666 301 742 351 rm
764 300 843 350 nivi

301 479 450 552 temptari
474 475 658 552 patientiam
680 481 713 535 et
737 481 924 553 temptatam
948 482 1113 553 contemni,
1136 484 1257 556 tempo-

265 583 396 649 5raque
428 591 495 632 esse
521 571 614 632 Tulle
643 582 711 647 regi
741 573 863 651 aptiora
892 591 986 650 quam
1018 574 1148 633 Numae.
1206 578 1257 637 Ut

300 672 415 744 tamen,
430 669 578 746 quoniam
594 670 701 728 Numa
720 669 753 727 in
774 678 850 747 pecc
871 669 1037 745 religienes
1051 671 1255 747 instituisset,

300 774 371 825 ese
390 765 519 826 bellicae
541 766 747 825 caerimoniae
769 767 983 843 proderentur,
998 786 1054 827 nec
1072 775 1256 843 gererentur

302 863 401 923 selum
417 864 580 943 sedetiam
595 862 807 922 indicerentur
825 864 909 923 bella
928 863 1034 941 alique
1055 869 1128 939 rim,
1143 864 1192 925 iiis
1214 866 1257 925 ab

300 964 431 1036 antique
449 965 541 1034 gente
561 957 755 1036 Aequiculis,
771 959 855 1036 quod
874 978 957 1019 nunc
978 959 1104 1020 fetiales
1126 960 1254 1035 habent,

301 1056 475 1133 descripsit,
491 1066 552 1133 que
567 1066 616 1115 res
631 1062 823 1133 repetuntur.

265 1164 279 1209 6
340 1153 477 1227 Legetus
495 1152 548 1212 ubi
564 1152 700 1212 adfines
717 1162 823 1212 cerum
837 1153 934 1227 venit,
949 1154 1032 1212 unde
1046 1163 1096 1213 res
1110 1158 1256 1231 repetim-

300 1254 360 1324 tur,
383 1249 485 1326 capite
506 1249 608 1308 velate
631 1248 837 1309 file-lenae
857 1250 1001 1309 velemen
1023 1255 1147 1309 est-⁴‘
1156 1249 1253 1326 Audi,

301 1346 475 1422 Iuppiter,''
490 1346 603 1423 inquit,
617 1338 638 1381 '“
648 1346 762 1421 audite,
776 1346 859 1406 fines
869 1347 886 1377 '²
896 1347 1167 1424 -ciiiuscumque
1181 1365 1255 1423 gen-

300 1443 342 1501 tis
359 1449 439 1516 sunt,
455 1442 791 1503 nominat-“audiat
814 1444 880 1503 fes!
924 1445 992 1519 Ego
1014 1463 1083 1503 sum
1108 1443 1254 1521 publicus

300 1539 430 1597 mintius
455 1539 563 1615 populi
586 1540 738 1613 Romanu
761 1540 843 1599 iirste
867 1540 982 1617 pieque
1004 1540 1125 1615 legatus
1148 1541 1251 1616 venie,

300 1636 465 1712 verbisque
493 1645 571 1694 meis
599 1635 677 1695 fides
706 1637 777 1695 sit‚'’
829 1637 956 1711 Peragit
984 1637 1057 1696 inde
1084 1637 1252 1714 postulata

265 1745 278 1790 i
301 1733 380 1791 Inde
402 1732 509 1791 Iovem
535 1737 648 1791 testem
668 1732 765 1792 facit:
789 1734 851 1793 “Si
875 1752 932 1809 ego
954 1734 1071 1793 iniuste
1094 1733 1254 1811 impieque

301 1829 373 1889 illes
394 1829 536 1887 homines
558 1828 691 1906 illasque
717 1839 765 1888 res
786 1830 894 1888 dedier
915 1831 995 1890 mihi
1020 1840 1161 1908 exposce,
1182 1836 1253 1891 tum

265 1927 420 2004 epatriae
446 1931 618 2002 compotem
648 1936 697 1985 me
725 1946 895 2003 numquam
924 1927 996 1986 siris
1025 1929 1122 1988 esse.’'
1163 1928 1254 1988 Haec

300 2042 371 2083 cum
386 2024 462 2082 finis
484 2023 711 2099 suprescandit,
727 2022 804 2082 haec
824 2033 1010 2101 quicumque
1025 2034 1055 2083 ei
1069 2034 1188 2101 primus
1202 2026 1254 2085 vir

300 2120 410 2180 obvius
439 2120 545 2194 fuerit,
571 2120 648 2179 haec
676 2126 798 2197 portam
827 2121 1014 2196 ingrediens,
1044 2122 1121 2181 haec
1148 2121 1254 2181 forum

301 2218 460 2292 ingressus
482 2226 590 2293 paucis
606 2217 709 2275 verbis
725 2217 872 2277 carminis
895 2218 1152 2296 concipiendique
1172 2219 1253 2279 iuris

210 2314 213 2321 ’
265 2314 425 2374 ciurandi
452 2318 582 2372 mutetis
607 2314 737 2389 peragit.
783 2314 816 2373 Si
836 2323 899 2373 nen
924 2315 1080 2374 deduntur
1102 2325 1179 2392 ques
1202 2334 1255 2375 ex-

300 2411 409 2488 poscit,
426 2410 535 2469 diebus
550 2410 650 2469 tribus
673 2416 705 2469 et
727 2411 964 2486 triginta—tot
985 2412 1069 2470 enim
1086 2412 1254 2473 sollemnes

251 2522 279 2566 10
300 2512 574 2584 sunt—perectis,
590 2506 708 2565 bellum
730 2508 776 2567 ita
799 2508 927 2567 indicit:
952 2514 970 2543 “
979 2508 1073 2583 Audi,
1097 2509 1251 2586 Iuppiter,

300 2609 331 2663 et
345 2610 390 2679 tir,
406 2605 481 2663 Iane
496 2604 635 2678 Quirine,
648 2603 754 2680 diique
769 2614 876 2665 omnes
891 2604 1049 2679 caelestes,
1061 2614 1178 2682 vesque
1193 2610 1254 2663 ter-

299 2706 421 2775 restres,
437 2710 555 2777 vesque
576 2699 702 2775 inferni,
719 2701 833 2760 audite.
876 2703 943 2777 Ego
957 2710 1013 2761 ves
1034 2706 1141 2776 testor,
1157 2720 1253 2780 popu-

299 2798 364 2857 lum
392 2797 760 2874 illum'’-quicumque
785 2803 842 2871 est,
867 2798 1088 2857 nominat-“
1098 2798 1251 2858 iniustum

299 2914 374 2970 esse,
390 2912 490 2970 neque
511 2894 560 2953 iiis
581 2894 766 2970 persolvere.
810 2894 873 2953 Sed
887 2895 925 2954 de
940 2895 1010 2954 istis
1032 2895 1124 2954 rebus
1145 2895 1179 2953 in
1199 2914 1252 2971 pa·

298 2993 360 3052 trie
380 2991 513 3050 meieres
534 2996 610 3050 netu
631 2991 1087 3068 censulemus,quepaetei1is
1108 2996 1252 3051 nostrum

247 3125 291 3171 the
301 3128 360 3182 part
370 3123 398 3168 oi
407 3122 447 3168 his
458 3122 603 3181 neighbors.
633 3123 655 3167 5.
676 3124 783 3168 tamen:
801 3123 898 3180 though
908 3124 940 3168 he
951 3122 1026 3168 could
1037 3126 1083 3167 not
1096 3122 1183 3168 follow
1193 3122 1225 3168 N.
1230 3123 1255 3185 ⁹8,

248 3196 364 3250 example
375 3190 493 3249 entirely,
504 3194 549 3249 yet
559 3191 591 3237 he
601 3190 685 3236 would
696 3191 730 3235 do
740 3204 768 3235 so
779 3190 805 3235 in
816 3191 860 3236 the
871 3190 1023 3237 formalities
1039 3190 1177 3236 connected
1186 3190 1252 3236 with

247 3273 310 3307 war.
350 3262 372 3306 6.
399 3257 459 3304 mo:
486 3259 530 3304 the
550 3258 641 3304 thread
662 3271 715 3305 was
734 3259 827 3305 wound
848 3259 944 3304 around
965 3260 1009 3304 the
1028 3257 1249 3316 cau-legatur.

247 3328 353 3386 partic.;
370 3327 408 3373 lit.
418 3339 465 3372 one
476 3327 687 3383 commissioncd,·
703 3328 747 3371 the
754 3331 831 3383 pater
837 3327 959 3383 patritus
970 3326 997 3371 oi
1008 3325 1021 3383 θ
1033 3328 1069 3371 11.
1100 3328 1122 3372 7.
1144 3324 1249 3372 dedier:

247 3398 289 3443 old
300 3398 368 3443 form
383 3396 410 3442 oi
426 3396 491 3451 dedi,
504 3407 532 3441 as
547 3396 607 3440 siras
622 3395 663 3439 for
679 3392 925 3451 evam-patriae
941 3404 977 3439 c.:
991 3398 1052 3451 part
1067 3407 1096 3439 or
1111 3394 1146 3440 lot
1161 3395 1191 3440 in
1205 3406 1249 3451 my

247 3470 365 3523 country.
396 3465 418 3510 8.
439 3460 618 3519 concipiendi:
636 3462 676 3507 cte
687 3462 839 3518 expression,
849 3463 877 3508 of
887 3463 930 3507 the
941 3462 1081 3515 euthasii
1091 3462 1113 3507 it
1123 3462 1174 3508 had
1184 3463 1249 3508 been

248 3536 373 3591 conceptis
388 3532 478 3578 verbis.
515 3533 537 3576 9.
558 3528 716 3577 sollemnes:
728 3530 813 3576 usual.
850 3531 887 3575 10.
907 3528 1025 3577 mlieres
1039 3540 1080 3575 n:
1097 3543 1145 3577 our
1160 3530 1249 3584 eldcrc.
