2834 4117
267 356 308 421 86
681 365 756 415 surr
778 366 859 414 nrvr

318 541 446 600 deorum
474 540 609 618 quadam
637 541 836 617 providentia
863 541 1003 618 inlatam,
1026 543 1071 603 ait
1092 543 1189 603 saluti
1209 545 1274 605 sibi

282 652 297 695 4
318 643 412 715 atque
433 636 498 696 illis
520 637 627 697 fuisse.
670 637 722 696 Ab
742 639 849 697 Turno
864 638 927 697 dici
947 639 1007 699 sibi
1029 645 1061 698 et
1081 640 1275 716 primoribus

318 734 504 812 populorum
515 742 620 811 parari
630 752 747 809 necem,
758 740 794 793 ut
808 735 993 800 Latinorum
1005 736 1089 796 solus
1104 737 1275 814 imperium

318 837 432 892 teneat.
475 830 708 907 Adgressinum
723 831 823 891 fuisse
840 831 988 891 hesterno
1002 833 1054 891 die
1073 833 1107 891 in
1121 833 1274 911 concili63

319 928 449 987 dilatam
469 946 534 987 rem
556 946 632 1003 esse,
653 928 737 1004 quod
754 934 861 988 auctor
882 928 1009 987 concilii
1029 930 1155 1005 afuerit,
1177 949 1274 1007 quem

283 1024 453 1087 amaxime
478 1030 606 1101 peteret.
649 1025 729 1083 inde
756 1023 845 1083 ssiam
869 1025 1008 1085 absentis
1033 1027 1275 1085 insectationem

319 1140 387 1181 esse
415 1126 530 1196 natam,
554 1121 636 1199 quod
665 1122 815 1181 morando
850 1140 937 1199 spem
966 1123 1154 1182 destituerit.
1196 1124 1275 1182 Non

320 1218 471 1292 dubitare,
500 1228 528 1277 si
555 1227 630 1278 vera
656 1218 848 1293 deferantur,
877 1228 954 1295 quin
981 1228 1084 1296 prima
1110 1220 1188 1294 luce,
1216 1220 1275 1279 ubi

319 1320 447 1374 ventum
461 1314 496 1373 in
509 1313 676 1374 concilium
691 1315 742 1390 sit,
758 1320 930 1374 instructus
951 1334 1022 1373 cum
1039 1316 1275 1375 coniuratorum

283 1428 298 1472 6
319 1420 414 1470 manu
438 1410 638 1488 aimatusque
662 1417 813 1471 venturus
838 1412 888 1471 sit.
931 1412 1004 1471 Dici
1028 1412 1202 1487 gladiorum
1227 1412 1275 1471 in-

320 1514 444 1583 gentem
462 1526 528 1567 esse
544 1526 707 1566 numerum
725 1508 851 1567 adeum
868 1513 1059 1567 convectum.
1102 1509 1141 1568 Id
1155 1518 1275 1568 vanum

318 1623 415 1664 necne
437 1604 488 1679 sit,
504 1603 661 1681 extemplo
683 1614 757 1663 sciri
777 1604 884 1682 posse(
920 1606 1043 1681 Rogare
1064 1614 1125 1679 eos,
1142 1609 1177 1664 ut
1197 1605 1274 1665 inde

283 1718 297 1763 1
319 1711 423 1762 secum
443 1702 483 1761 ad
503 1702 644 1759 Turnum
668 1701 804 1760 veniant.
848 1703 1031 1779 Suspectam
1052 1702 1129 1761 fecit
1149 1720 1215 1761 rem
1239 1708 1275 1762 et

319 1798 479 1875 ingenium
494 1799 593 1857 Turni
606 1798 697 1856 ferox
713 1803 746 1857 et
764 1798 865 1857 oratio
878 1798 1026 1858 hesterna
1046 1804 1077 1857 et
1098 1799 1274 1858 1101οΤ01-

319 1896 428 1973 quinii,
444 1895 528 1972 quod
541 1894 706 1953 videbatur
721 1894 760 1953 ob
775 1913 844 1953 eam
858 1895 980 1954 differri
994 1896 1104 1955 caedes
1121 1895 1271 1972 potuisse.

318 1994 405 2051 Eunt
422 1992 582 2051 inclinatis
604 1990 731 2067 quidem
753 1991 793 2050 ad
816 1991 1005 2051 credendum
1026 1992 1149 2066 animis,
1165 1996 1273 2051 tamen

282 2104 296 2149 8
318 2089 381 2149 nisi
396 2088 509 2163 gladiis
520 2088 724 2165 deprehensis
739 2092 843 2147 cetera
853 2098 934 2147 vana
948 2089 1168 2148 existimaturi.
1204 2089 1272 2149 Ubi

318 2190 366 2245 est
385 2194 421 2245 eo
438 2189 577 2259 ventum,
593 2185 734 2242 Turnum
748 2202 787 2242 ex
802 2194 910 2243 somno
924 2186 1096 2245 excitatum
1114 2185 1273 2245 circumsi-

318 2287 407 2341 stunt
429 2281 590 2357 custodem
620 2280 914 2358 comprehensisque
934 2292 1042 2356 servis,
1063 2291 1118 2359 qui
1138 2281 1272 2341 caritate

318 2378 436 2437 domini
446 2378 512 2436 vim
523 2377 684 2454 parabant,
695 2396 765 2437 cum
777 2376 875 2453 gladii
883 2378 984 2437 abditi
991 2397 1030 2437 ex
1039 2378 1182 2438 omnibus
1192 2377 1270 2439 locis

317 2474 503 2534 deverticuli
512 2474 776 2551 protraherentur,
787 2474 946 2534 enimvero
955 2474 1124 2534 manifesta
1132 2484 1182 2534 res
1190 2484 1269 2549 visa,

317 2571 776 2648 iniectaequeTurnooatenae3
792 2575 824 2629 et
833 2571 998 2630 confestim
1008 2572 1193 2630 Latinorum
1201 2589 1272 2630 con·

281 2686 296 2731 9
317 2667 424 2726 cilium
439 2676 551 2741 magno
566 2686 634 2725 cum
650 2666 790 2725 tumultir
808 2666 986 2726 advocatur.
1029 2667 1080 2727 Ibi
1099 2672 1164 2727 tam
1179 2672 1271 2727 atrox

317 2764 438 2823 invidia
446 2769 515 2823 orta
523 2769 571 2823 est
578 2763 692 2839 gladiis
704 2763 739 2821 in
749 2763 853 2822 medio
862 2764 984 2840 positis,
994 2769 1030 2823 ut
1038 2763 1157 2823 indicta
1166 2772 1269 2838 causa,

316 2870 397 2921 novo
416 2878 527 2935 genere
548 2860 613 2935 leti,
630 2859 770 2919 deiectus
789 2860 829 2919 ad
848 2864 943 2937 caput
961 2878 1060 2937 aquae
1081 2861 1270 2919 Ferentinae

316 2963 400 3017 crate
415 2966 548 3034 superne
562 2956 678 3015 iniecta
692 2965 839 3033 saxisque
853 2961 1009 3031 congestis
1023 2961 1223 3032 mergeretur.

265 3114 365 3175 quin’s)
379 3115 521 3171 authority.
552 3114 618 3160 Note
629 3115 673 3159 the
683 3114 782 3172 change
797 3113 825 3159 01
840 3113 941 3171 subject
950 3114 978 3161 in
988 3114 1033 3159 the
1042 3113 1128 3160 verbs.
1158 3116 1181 3159 4.
1203 3111 1267 3159 dici:

265 3184 296 3231 ke
306 3184 359 3230 had
374 3182 435 3230 been
453 3180 755 3240 told—Adgressiirum
767 3179 802 3227 L:
823 3182 867 3227 the
882 3182 1013 3227 condition
1028 3182 1050 3227 is
1065 3181 1169 3239 implied
1185 3180 1212 3225 in
1225 3182 1269 3227 the

265 3256 327 3298 next
343 3251 590 3297 clause—auctor:
613 3250 899 3308 Tarquin-peteret:
924 3250 1023 3308 change
1040 3250 1068 3296 oi
1093 3254 1173 3306 tense,
1192 3261 1222 3295 as
1241 3248 1269 3293 in

264 3321 301 3367 22,
320 3320 356 3365 32.
373 3320 395 3365 8.
431 3320 454 3363 5.
475 3328 548 3364 cum:
565 3318 620 3377 join
634 3318 698 3364 with
715 3317 836 3363 venturus
853 3318 895 3363 sit.
926 3319 948 3363 7.
970 3317 1145 3373 suspectam.
1159 3348 1164 3361 .
1178 3326 1267 3361 .rem:

264 3401 327 3447 pave
343 3387 412 3434 color
426 3391 450 3432 to
467 3387 508 3431 the
524 3384 775 3443 suspicion—quod
787 3419 793 3431 .
807 3419 812 3430 .
826 3419 831 3430 .
843 3382 978 3442 potuisse:
1006 3385 1111 3432 because
1129 3386 1150 3430 it
1169 3385 1269 3430 seemed

261 3456 370 3513 possible
382 3455 438 3500 that
449 3454 489 3500 the
499 3455 605 3499 murder
618 3466 671 3499 was
684 3455 825 3510 postponent
839 3466 873 3498 on
888 3453 945 3498 thot
960 3450 1187 3499 account—nisi:
1203 3452 1269 3497 with

264 3524 314 3569 abl.
330 3524 394 3579 aba,
410 3522 463 3568 like
478 3522 635 3567 conditional
652 3526 779 3567 sentence.
810 3522 832 3567 8.
854 3517 991 3567 enimvero
1003 3553 1009 3566 .
1022 3554 1028 3566 .
1042 3520 1132 3566 ,11001
1154 3521 1195 3567 the
1211 3532 1268 3567 case

264 3592 362 3639 seemed
372 3590 454 3648 really
461 3602 566 3647 proven.
597 3591 619 3634 9.
638 3586 742 3634 indicta
752 3598 788 3634 c.:
805 3589 913 3634 without
923 3602 939 3634 α
948 3589 1067 3645 11001109,
1074 3614 1104 3622 -
1111 3586 1147 3635 ad
1154 3607 1178 3625 =
1188 3589 1226 3634 in.
