2834 4117
242 301 282 366 98
655 309 731 357 TITI
753 309 833 358 LIVI

289 504 405 543 novum
429 484 463 543 in
488 485 581 543 Bruti
605 489 731 561 pectore
757 484 928 560 ingenium.
971 486 1019 545 Ut
1042 492 1244 564 praeceptum

234 576 237 583 ’
290 587 365 655 erat,
393 581 515 657 iurant3
554 586 676 658 totique
704 581 744 640 ab
771 580 860 640 luctri
888 590 972 641 versi
1000 582 1034 640 in
1060 591 1140 641 iram
1168 584 1244 642 Bru-

289 682 366 753 tum,
392 678 454 737 iam
482 677 556 736 inde
580 678 621 737 ad
645 678 888 755 expugnandum
915 687 1046 753 regnum
1069 684 1243 754 vocantem,

254 789 269 835 3
290 779 462 852 sequuntur
478 774 596 833 ducem.
639 763 768 833 Elatum
783 775 874 834 domo
891 775 1056 834 Lucretiae
1076 794 1188 853 corpus
1209 776 1244 835 in

289 871 390 930 forum
407 871 563 945 deferunt,
579 870 785 948 concientque
799 870 958 946 miraculo,
973 877 1009 930 ut
1022 870 1069 945 fit,
1084 881 1130 930 rei
1143 891 1243 931 novae

289 972 383 1045 atque
412 967 602 1042 indignitate
629 966 780 1027 homines.
829 968 892 1027 Pro
919 977 952 1026 se
979 968 1113 1045 quisque
1140 969 1243 1028 scelus

252 1082 268 1126 4
289 1064 409 1140 regium
423 1083 459 1123 ac
473 1064 539 1122 vim
554 1068 736 1141 queruntur.
778 1064 887 1123 Movet
907 1082 978 1122 cum
998 1064 1098 1141 patris
1119 1065 1244 1124 maesti-

288 1160 343 1236 tia,
358 1166 427 1219 tum
441 1161 559 1220 Brutus
574 1165 742 1236 castigator
757 1160 956 1219 lacrimarum
977 1165 1071 1237 atque
1091 1161 1242 1220 inertium

289 1257 498 1333 querellarum
526 1263 704 1333 auctorque,
734 1257 819 1333 quod
845 1257 939 1331 viros,
968 1257 1052 1333 quod
1082 1257 1242 1318 Romanos

252 1370 267 1416 o
288 1354 420 1429 deceret,
436 1372 523 1414 arma
537 1353 681 1431 capiendi
696 1353 846 1413 alversus
860 1352 991 1412 hostilia
1008 1362 1109 1413 ausos
1151 1354 1244 1414 Fero

288 1450 433 1509 cissimus
442 1450 574 1527 quisque
584 1450 733 1508 iuvenum
743 1468 815 1509 cum
826 1459 920 1509 armis
929 1449 1126 1510 voluntarius
1136 1451 1241 1526 adest3

288 1547 430 1624 sequitur
449 1552 481 1606 ct
496 1552 600 1606 cetera
620 1547 776 1606 iuventus.
819 1545 899 1605 Inde
921 1551 1010 1623 parte
1026 1547 1185 1624 praesidio
1198 1566 1243 1606 re

287 1642 364 1703 licta
384 1643 546 1705 Conlatiae
568 1644 608 1703 ad
628 1648 744 1721 portas,
765 1643 1012 1720 custodibusque
1030 1643 1241 1720 circumdatis,

287 1749 327 1799 ne
349 1740 419 1818 quis
440 1759 511 1799 eum
532 1746 651 1799 motum
672 1740 798 1816 regibus
819 1740 989 1814 nuntiaret,
1010 1745 1108 1799 ceteri
1128 1746 1243 1800 armati

251 1848 267 1895 o
288 1836 365 1896 duce
380 1838 478 1896 Brute
492 1837 626 1896 Romam
641 1837 783 1914 profecti.
823 1836 889 1897 Ubi
903 1845 940 1895 eo
953 1841 1083 1895 ventum
1096 1842 1153 1912 est,
1168 1846 1242 1915 qua

287 1951 419 2011 cumque
433 1933 552 1992 incedit
567 1938 688 1993 anneta
708 1932 888 2009 multitudo,
904 1941 1051 2010 paverem
1071 1951 1107 1993 ac
1127 1934 1243 1993 tumul·

287 2034 355 2089 tum
369 2030 463 2106 facit3
485 2039 593 2089 rursus
608 2030 663 2090 ubi
677 2035 797 2089 anteire
809 2039 961 2107 primores
971 2030 1111 2089 civitatis
1121 2030 1240 2106 vident,

251 2140 265 2187 i
287 2126 442 2203 quidquid
457 2126 507 2201 sit,
523 2126 608 2185 haud
623 2131 740 2185 temere
755 2145 822 2185 esse
841 2131 957 2185 rentur.
999 2127 1067 2185 Nec
1088 2126 1241 2187 minorem

287 2228 406 2283 motum
431 2222 604 2283 animorum
626 2223 746 2282 Romae
766 2228 833 2282 tam
853 2228 946 2282 atrox
965 2232 1015 2282 res
1036 2224 1124 2299 facit,
1146 2242 1241 2301 quam

287 2319 449 2381 Conlatiae
476 2319 602 2379 fecerat.
646 2320 730 2395 Ergo
759 2338 798 2379 ex
824 2321 970 2381 omnibus
992 2321 1070 2381 locis
1090 2321 1179 2381 urbis
1206 2322 1241 2380 in

287 2416 391 2475 forum
415 2416 558 2475 curritur.
601 2416 668 2486 Quo
696 2417 791 2475 simul
819 2423 949 2477 ventum
976 2423 1033 2494 est,
1061 2428 1172 2496 praeco
1199 2418 1241 2477 ad

286 2512 448 2571 tribunum
462 2512 615 2587 Celerum,
631 2512 665 2571 in
680 2523 742 2589 quo
763 2518 830 2572 tum
853 2515 1041 2590 magistratu
1060 2515 1143 2574 forte
1164 2515 1242 2573 Bru·

250 2623 266 2671 s
286 2613 338 2668 tus
353 2615 428 2685 erat,
444 2609 595 2687 populum
610 2609 784 2669 advocavit.
825 2611 877 2670 Ibi
891 2612 992 2670 oratio
1006 2611 1115 2671 habita
1127 2620 1241 2689 nequa

287 2724 381 2783 quam
409 2706 476 2765 eius
504 2705 638 2783 pectoris
664 2705 855 2784 ingeniique,
880 2708 964 2784 quod
992 2707 1174 2767 simulatum
1198 2708 1240 2767 ad

286 2820 356 2862 eam
377 2802 461 2861 diem
481 2802 594 2877 fuerat,
610 2802 648 2861 de
665 2812 699 2861 vi
720 2821 756 2862 ao
770 2802 903 2863 libidine
925 2803 995 2863 Sex.
1011 2804 1185 2881 Tarquinii,
1201 2804 1240 2863 de

287 2904 396 2977 stupro
410 2898 542 2960 infando
557 2898 724 2958 Lucretiae
745 2904 778 2957 et
798 2898 971 2959 miserabili
991 2900 1094 2976 caede,
1109 2900 1148 2960 de
1161 2900 1241 2960 orbi-

236 3117 380 3177 dcpending
396 3129 430 3165 on
446 3117 491 3165 the
511 3116 614 3175 implied
631 3117 742 3176 thought
759 3117 786 3162 in
803 3116 1042 3165 maricula-W:
1063 3118 1240 3166 adverbial—

236 3185 291 3233 lam
312 3184 345 3232 i:
372 3190 488 3241 atenac,
504 3186 650 3244 sortbwitb.
687 3186 709 3231 3.
730 3182 907 3243 indignitate:
934 3186 1070 3244 objectiva,
1097 3188 1239 3244 iactantia,

236 3253 367 3312 sacmesal
381 3253 514 3301 character
521 3266 530 3310 ;
546 3253 573 3298 in
584 3252 596 3310 5
608 3254 635 3297 11
646 3253 667 3298 it
678 3253 700 3299 is
711 3252 861 3311 subjective,
873 3252 1049 3310 iadiyaata'on.
1079 3256 1103 3300 4.
1123 3254 1241 3314 castig!-

235 3324 292 3370 tor:
310 3322 342 3369 ct.
352 3336 374 3369 c.
385 3324 423 3369 28.
435 3323 457 3378 1,
468 3321 511 3368 the
522 3322 576 3367 fact
585 3322 643 3367 that
653 3321 697 3367 the
707 3320 815 3366 Dullard
826 3321 876 3367 had
886 3321 991 3369 become
1000 3334 1017 3368 a
1027 3321 1122 3368 leader.
1131 3320 1240 3380 -quod

238 3425 244 3436 .
262 3425 268 3436 .
286 3424 292 3435 .
308 3389 427 3437 decdrstz
448 3402 535 3447 appas.
545 3393 572 3434 to
588 3402 663 3435 amaa
678 3402 745 3445 cap„
756 3388 888 3446 becomiaq
897 3389 945 3445 for
960 3402 1021 3435 mea
1036 3391 1091 3435 aad
1104 3390 1239 3448 marciana

231 3458 278 3517 sor
294 3455 584 3505 Romana—hostilia:
603 3457 688 3515 object
698 3457 726 3502 of
742 3458 826 3502 carde.
856 3458 879 3501 5.
899 3454 1092 3503 Iudaismus
1107 3468 1147 3515 q.:
1163 3470 1238 3515 every

235 3525 344 3573 resolata
364 3539 435 3572 moa.
465 3522 820 3573 circumamictam
834 3536 935 3571 reason.
964 3527 987 3571 7.
1007 3522 1162 3572 tribianum:
1181 3538 1239 3583 cop-
