2834 4117
688 339 765 390 ΤΙΤῙ
787 340 867 390 LIVI

323 527 404 577 nove
425 516 624 578 metrimenie
645 516 718 594 fuit,
739 526 790 577 cui
810 515 982 577 Ascanium
1001 523 1148 596 parentes
1168 518 1276 579 dixere

324 623 444 674 nemen.

363 712 390 770 2.
421 711 511 771 Belle
525 710 638 771 deiude
653 709 841 787 Aborigines
855 712 1044 789 Treienique
1062 712 1156 772 simul
1174 717 1275 789 petiti.

323 809 456 884 TurnuS,
472 818 527 867 rex
541 806 740 883 Rutulerum,
755 818 806 867 cui
819 807 912 885 pacta
927 809 1060 869 Lavinia
1078 815 1151 870 ante
1165 810 1277 869 adven-

323 910 391 963 tum
419 905 543 965 Aeneae
570 906 683 979 iuerat,
713 905 889 982 praeletum
917 906 978 965 sibi
1005 906 1158 965 advenam
1186 915 1277 981 aegre

324 1001 456 1078 patiens,
485 1001 580 1061 simul
607 1002 733 1062 Aeneae
762 1003 938 1079 Latineque
966 1001 1085 1062 bellum
1116 1002 1275 1062 intulerat.

288 1115 302 1158 2
323 1098 446 1159 Neutra
460 1098 541 1158 acies
556 1099 640 1159 laeta
654 1118 694 1157 ex
708 1109 746 1159 ee
760 1100 928 1159 certemine
947 1099 1039 1159 abiit:
1062 1099 1140 1159 victi
1154 1098 1276 1172 Rutuli,

323 1194 458 1255 vioteres
479 1195 666 1272 Aborigines
688 1196 879 1273 Treienique
901 1197 1011 1255 ducem
1034 1197 1183 1256 Latinum
1203 1204 1277 1255 emi-

288 1303 303 1348 3
324 1300 400 1351 sere.
433 1291 512 1351 Inde
526 1294 650 1352 Turnus
665 1293 840 1370 Rutulique
855 1292 956 1353 diffisi
968 1293 1061 1353 rebus
1075 1294 1116 1353 ad
1129 1292 1277 1352 flerentes

323 1398 398 1466 opes
419 1389 623 1449 Etrusoerum
651 1390 904 1467 Mezentiumque
926 1399 1030 1465 regem
1050 1399 1158 1449 cerum
1172 1389 1278 1449 cenfu-

324 1485 423 1560 giunt,
439 1494 494 1561 qui
509 1486 614 1561 Caere,
626 1486 775 1563 opulente
788 1491 857 1545 tum
871 1486 996 1563 oppide,
1008 1486 1201 1564 imperitans,
1213 1486 1276 1545 iam

325 1580 397 1641 inde
419 1582 458 1641 ab
479 1581 571 1642 initio
592 1582 722 1641 minime
743 1581 845 1642 laetus
865 1601 964 1643 novae
986 1583 1106 1658 origine
1127 1582 1223 1657 urbis,
1245 1586 1278 1642 et

324 1683 391 1738 tum
416 1678 514 1738 nimie
538 1678 610 1756 plus
632 1698 726 1757 quam
748 1679 825 1739 satis
846 1684 951 1738 tritum
971 1684 1056 1740 esset
1076 1678 1189 1739 accolis
1210 1697 1276 1737 rem

324 1774 491 1835 Treienam
519 1785 655 1835 creseere
683 1781 780 1850 ratus,
801 1775 886 1835 haud
911 1776 1065 1851 gravatim
1087 1776 1171 1836 socia
1190 1794 1277 1835 arma

288 1884 303 1928 4
324 1872 452 1931 Rutulis
468 1871 580 1930 iunxit.
623 1872 756 1946 Aenees,
772 1873 922 1932 adversus
939 1878 1023 1932 tanti
1035 1871 1112 1932 belli
1126 1877 1276 1931 terrerem

324 1973 360 2026 ut
374 1968 493 2028 animes
508 1968 716 2045 Aboriginum
730 1968 790 2028 sibi
807 1968 997 2044 conciliaret,
1012 1987 1069 2028 nec
1090 1968 1148 2028 sub
1167 1969 1276 2028 eedem

323 2064 391 2123 iure
420 2065 521 2127 selum
544 2066 715 2125 sedetiam
736 2065 861 2125 nemine
882 2076 988 2125 omnes
1010 2070 1124 2138 essent,
1146 2066 1276 2125 Latines

288 2173 303 2218 5
324 2166 489 2238 utramque
503 2167 628 2237 gentem
642 2160 824 2238 appellevit.
866 2161 934 2221 Nec
955 2161 1067 2221 deinde
1088 2160 1276 2237 Aborigines

325 2258 467 2318 Troianis
491 2258 596 2318 studie
620 2276 655 2317 ac
678 2258 740 2317 fide
764 2267 838 2333 erge
859 2268 962 2334 regem
984 2250 1124 2317 Aenea'm
1146 2267 1275 2317 cessere.

324 2355 498 2431 Fretusque
525 2355 576 2415 his
604 2355 717 2414 animis
745 2353 985 2415 coalescentium
1016 2354 1050 2414 in
1077 2355 1144 2413 dies
1176 2354 1276 2429 magis

324 2451 457 2510 ducrum
481 2451 666 2528 populerum
687 2452 821 2526 Aenees,
843 2470 1032 2529 quamquam
1053 2456 1144 2510 tanta
1164 2450 1275 2527 opibus

324 2547 452 2607 Etruria
466 2552 541 2622 erat,
557 2553 593 2608 ut
607 2548 671 2607 iam
685 2557 747 2608 nen
761 2553 861 2608 terres
879 2548 980 2608 selum
999 2548 1054 2608 sed
1075 2565 1160 2606 mare
1180 2547 1276 2606 etiam

324 2662 380 2721 per
393 2650 494 2704 tetam
507 2633 622 2704 ltaliae
643 2644 872 2720 longitudinem
888 2644 927 2704 ab
941 2643 1076 2721 Alpibus
1098 2644 1138 2703 ad
1158 2644 1276 2702 fretum

325 2740 465 2800 Siculum
478 2741 565 2801 ieme
578 2742 715 2801 neminis
731 2751 780 2801 sui
794 2740 965 2817 implesset,
980 2746 1095 2816 tamen,
1110 2758 1181 2799 cum
1197 2758 1278 2799 moe-

323 2837 416 2897 nibus
431 2836 548 2897 bellum
562 2838 745 2915 prepulsere
759 2842 874 2914 posset,
886 2837 919 2896 in
930 2837 1028 2897 aciem
1039 2836 1145 2914 cepias
1156 2824 1282 2895 ederit(

288 2950 303 2995 6
325 2934 501 2993 Secundum
522 2934 595 3015 inde
616 2934 770 3011 proelium
791 2935 923 3009 Latinis,
942 2933 1067 2993 Aeneae
1088 2933 1184 2992 etiam
1204 2931 1278 2991 ulti-

324 3049 409 3088 mum
424 3049 552 3107 operum
565 3030 747 3089 mortelium
760 3030 832 3089 fuit.
876 3030 962 3090 Situs
979 3035 1036 3104 est,
1052 3048 1277 3107 quemcumque

313 3154 338 3203 2.
359 3157 381 3201 2.
403 3156 529 3203 emisere:
547 3157 672 3203 tradition
679 3157 736 3203 said
746 3158 804 3203 that
814 3157 922 3203 Latinus
932 3156 1108 3213 disappeared.
1137 3157 1159 3201 3.
1180 3154 1276 3202 rebus:

275 3224 341 3271 their
358 3237 416 3270 own
433 3223 690 3282 cinewlt-Caere:
713 3226 760 3271 loc.
777 3226 818 3271 ab.
847 3224 926 3271 Caere
941 3237 994 3270 was
1011 3237 1059 3269 one
1076 3224 1105 3269 oi
1122 3225 1166 3269 the
1184 3224 1278 3269 twelve

274 3292 352 3340 allied
362 3296 470 3339 cantens
480 3294 508 3339 oi
522 3293 636 3339 Etruria.
667 3295 689 3338 4.
711 3302 759 3339 nec
768 3312 791 3329 =
800 3297 825 3338 ct
834 3294 875 3348 ne,
886 3304 1002 3338 common
1014 3293 1041 3337 in
1051 3291 1079 3335 L.
1091 3291 1223 3349 following
1238 3296 1277 3347 ut,

274 3361 320 3406 but
335 3362 379 3407 the
395 3362 514 3419 negative
529 3362 634 3419 belongs
650 3362 710 3420 only
725 3365 752 3406 t0
768 3360 857 3408 celum.
893 3362 916 3406 5.
937 3358 1090 3417 fretusque:
1108 3372 1165 3416 quc,
1182 3360 1235 3405 aad
1249 3372 1278 3404 ao

275 3429 343 3475 then.
375 3429 402 3474 L.
419 3430 491 3475 often
506 3442 564 3475 uses
579 3442 628 3487 quc
643 3429 669 3474 in
685 3442 701 3475 a
716 3441 848 3487 summary
862 3442 892 3474 or
907 3428 1053 3474 transition.
1084 3427 1125 3473 Gi.
1139 3440 1161 3472 c.
1172 3429 1209 3472 42.
1218 3429 1279 3471 4.-

274 3495 361 3544 leme:
379 3497 439 3543 inst.
449 3494 696 3543 abl-moenibus:
713 3497 774 3542 inst.
790 3496 841 3542 abl.
872 3497 895 3541 6.
916 3493 1079 3541 Secundum:
1094 3495 1279 3552 successful.—

274 3563 347 3611 Situs
367 3566 422 3611 est:
448 3565 495 3611 lica
513 3564 847 3623 basiem-quemcumque
860 3597 865 3610 .
879 3564 970 3610 ..θεὶς
996 3564 1111 3610 whether
1131 3564 1227 3609 human
1247 3575 1279 3608 or
