2834 4117
553 332 665 381 urana
687 332 702 380 1
1085 324 1126 388 43

120 508 302 569 Curiatium
327 506 460 567 oenfioit.
512 508 641 586 Iamque
669 514 802 586 aequate
830 510 933 569 Marte
961 509 1078 584 singuli
1099 522 1127 567 11

121 609 318 682 supererant,
341 605 396 664 sed
416 623 473 664 neo
495 615 550 682 spe
570 624 627 664 neo
648 606 769 665 viribus
789 615 888 683 pares.
932 606 1077 665 Alterum

120 701 279 761 intactum
298 702 382 760 ferre
400 720 510 778 eorpus
525 706 557 760 et
571 702 730 777 geminata
743 702 876 762 victoria
893 703 1029 762 ferocem
1043 702 1077 760 in

122 804 283 857 certamen
297 798 425 857 tertium
441 799 552 875 dabat3
574 798 654 858 alter
670 799 790 859 fessum
804 800 942 874 vulnere,
957 800 1077 859 fessum

123 905 217 956 oursir
231 894 361 955 trahens
375 914 495 972 eorpus,
510 895 673 973 vietusque
688 896 823 955 fratrum
838 902 911 955 ante
926 905 959 955 se
974 901 1077 971 strage

123 993 237 1052 viateri
251 992 385 1076 obicitur
403 993 494 1056 hosti.
541 994 608 1051 Neo
629 992 711 1051 illud
730 992 883 1070 proelium
903 992 975 1051 fuit.
1017 993 1078 1052 Re-
1099 1002 1128 1046 12

124 1099 236 1149 manus
261 1089 423 1149 exsultans
445 1090 585 1149 “Duos'’
611 1089 716 1167 inquit
741 1090 903 1149 “fratrum
928 1088 1076 1149 Manibus

125 1186 196 1245 dedi
203 1209 211 1261 ;
234 1186 365 1245 tertium
376 1204 485 1245 oausae
497 1186 573 1245 belli
583 1186 722 1262 huiusce,
734 1191 770 1245 ut
780 1187 941 1246 Romanus
952 1185 1076 1245 Albano

124 1282 267 1360 imperet,
278 1282 387 1342 dabe.''
417 1283 501 1342 Male
513 1283 684 1343 sustinenti
695 1302 781 1343 arma
792 1282 932 1359 gladium
943 1292 1075 1359 superne

123 1379 231 1455 iugulo
253 1380 376 1455 defigit,
391 1379 545 1439 iacentem
567 1380 689 1457 spoliat.
733 1381 870 1439 Romani
889 1384 1019 1439 ovantes
1040 1397 1076 1438 ao
1097 1395 1126 1440 13

125 1476 318 1551 gratulantes
332 1477 501 1536 Horatium
513 1476 671 1553 ascipiunt
685 1486 721 1536 ee
735 1476 852 1535 maiere
867 1495 937 1535 oum
951 1476 1074 1551 gaudie,

125 1584 182 1651 que
208 1591 306 1651 prope
328 1578 446 1633 metum
470 1582 520 1633 res
544 1574 655 1633 fuerat.
706 1572 759 1631 Ad
784 1572 977 1649 sepulturam
1001 1572 1075 1630 inde

125 1679 249 1730 suerum
266 1679 463 1747 nequaquam
484 1671 611 1747 paribus
634 1670 747 1729 animis
768 1674 942 1745 vertuntur,
958 1668 1075 1746 quippe

124 1766 254 1843 imperie
269 1766 361 1825 alteri
379 1772 471 1841 auoti,
487 1766 579 1826 alteri
599 1766 732 1827 dicionis
754 1766 874 1825 alienae
895 1766 981 1825 faeti.
1025 1762 1076 1825 se-
1097 1774 1125 1818 14

124 1864 232 1939 pulora
246 1866 372 1923 exstant
391 1873 452 1940 que
471 1864 603 1940 quisque
624 1862 691 1922 looe
714 1862 835 1936 cecidit,
851 1863 913 1921 duo
933 1862 1076 1923 Romana

125 1969 185 2019 une
205 1960 274 2019 loeo
295 1959 424 2037 propius
439 1960 562 2035 Albam,
578 1961 641 2019 tria
654 1960 780 2019 Albana
799 1960 932 2018 Romam
954 1977 1073 2035 versus,

24 2048 25 2053 ’
126 2056 178 2114 sed
191 2056 345 2116 distantia
358 2056 443 2131 leuia,
459 2062 495 2115 ut
509 2062 541 2115 et
555 2062 730 2133 pugnatum
744 2061 799 2115 est.

161 2152 209 2213 26.
238 2152 427 2229 Priusquam
447 2152 519 2211 inde
541 2153 786 2228 digrederentur,
806 2158 930 2228 roganti
948 2152 1072 2228 Mettie,

124 2266 161 2307 ex
184 2249 310 2309 foedere
336 2250 400 2309 iota
421 2250 498 2326 quid
522 2250 699 2327 imperaret,
723 2250 857 2327 imperat
880 2250 1002 2325 Tullus,
1026 2254 1075 2308 uti

125 2344 318 2405 iuventutem
332 2344 367 2403 in
381 2356 476 2406 armis
490 2345 621 2421 habeat;
647 2356 778 2406 risurum
797 2355 830 2405 se
849 2356 956 2405 eorum
970 2354 1073 2423 opera,

125 2451 151 2501 si
172 2442 292 2502 bellum
316 2460 386 2502 oum
407 2443 592 2503 Veientibus
613 2443 704 2502 foret.
748 2444 800 2501 Ita
820 2442 975 2502 exereitus
999 2442 1074 2501 inde

124 2538 229 2599 domes
260 2538 395 2597 abducti.
450 2540 601 2616 Princeps
629 2538 783 2599 Horatius
810 2538 877 2598 ibat
907 2538 1076 2613 trigemina
1110 2557 1125 2601 a

124 2635 223 2711 spolia
243 2653 319 2712 prae
340 2644 373 2694 se
391 2645 518 2711 gerens;
540 2645 591 2694 oui
608 2655 693 2695 soror
707 2636 805 2711 virge,
820 2655 900 2712 quae
921 2636 1076 2713 desponsa

24 2724 25 2795 J
123 2740 176 2790 imi
194 2751 234 2791 ex
256 2732 406 2792 Curiatiis
427 2732 540 2807 fuerat,
562 2732 655 2792 obvia
677 2738 749 2791 ante
772 2738 896 2809 portam
917 2733 1075 2809 Capenam

24 2860 26 2883 l
122 2827 200 2905 fuit3
232 2828 419 2905 cognitaque
447 2846 541 2905 super
563 2838 686 2888 umores
715 2829 824 2888 fratris
852 2828 1075 2906 paladamente

24 2924 25 2927 ’
124 2934 238 3002 sponsi,
254 2925 338 3002 quod
354 2925 425 3002 ipsa
442 2925 628 3000 oenfeoerat,
650 2926 746 2987 solvit
761 2934 863 2985 orines
881 2930 914 2984 et
926 2924 1075 2985 flebiliter

124 3147 227 3207 already
240 3148 329 3195 killed.
361 3150 397 3194 11.
415 3146 551 3195 Alterum:
569 3146 760 3195 aea—dabat:
776 3148 968 3195 moda-ante
982 3147 1024 3196 sa:
1042 3147 1125 3205 before

125 3216 162 3261 his
181 3229 248 3273 erres.
279 3217 315 3261 12.
336 3214 419 3262 Halo:
441 3214 712 3275 reomela-iugale:
733 3214 943 3273 dau-spoliat:
960 3217 1072 3273 strapped
1091 3216 1128 3272 off

125 3283 163 3329 his
178 3296 273 3330 armor.
304 3284 340 3329 13.
361 3283 392 3330 οδ
409 3317 415 3328 .
433 3316 439 3329 .
457 3317 463 3329 .
479 3283 544 3341 que:
566 3285 616 3329 abl.
633 3297 763 3341 measure;
784 3284 828 3330 the
845 3284 1020 3341 comparative
1039 3283 1066 3328 in
1080 3283 1125 3328 the

24 3386 25 3389 ,
125 3352 229 3398 relative
245 3352 330 3398 clause
345 3352 367 3397 is
380 3352 456 3397 much
470 3364 539 3397 more
555 3364 679 3407 common,
691 3353 739 3397 but
753 3352 798 3397 the
813 3352 923 3410 positive
929 3363 1008 3409 prope
1023 3352 1126 3408 empha-

126 3418 186 3465 sizes
195 3420 240 3465 the
251 3418 337 3465 actual
347 3415 642 3465 neamus-dicionis:
658 3420 729 3475 pred.
743 3432 811 3476 poss.
824 3434 881 3479 gen.
908 3423 944 3466 14.
960 3419 1072 3466 Romam
1082 3432 1122 3467 v.:

128 3484 204 3599 Ἢ
218 3488 420 3600 'iioirllilrldlzius
429 3555 470 3599 his
480 3554 565 3599 sister.
595 3554 617 3597 2.
636 3548 722 3597 solvit
731 3551 832 3598 crines:
849 3565 865 3598 a
875 3552 933 3610 sign
942 3551 971 3597 oi
980 3551 1121 3609 mouming.
