2834 4117
590 328 702 377 menn
726 330 740 378 1
1146 322 1165 384 9

164 504 300 562 Martem
324 502 461 561 incertae
487 503 596 582 stirpis
618 504 740 580 patrem
762 508 930 582 nimcupet.
975 503 1036 563 Sed
1058 522 1116 563 nec
1138 518 1152 563 3

164 599 211 658 dii
229 618 285 659 nec
304 598 445 659 homines
467 604 522 659 aut
542 599 643 677 ipsam
664 606 719 659 aut
740 601 870 678 stirpem
891 610 910 660 a
930 600 1116 660 credelitate

164 696 251 771 regia
266 695 444 755 vindicant:
471 697 613 757 sacerdos
635 697 743 756 vincta
763 698 797 755 in
816 698 992 757 castadiam
1013 698 1115 772 datur,

164 802 276 870 pueras
303 793 338 851 in
366 792 571 869 prefluentem
606 812 719 871 aquam
753 794 840 852 mitti
871 794 965 854 iubet.
1021 795 1153 853 Forte4

165 890 299 966 quadam
320 889 474 950 divinitus
493 908 586 967 super
604 900 689 967 ripas
711 890 833 950 Tiberis
854 890 973 951 effusus
992 891 1116 951 lenibus

165 992 284 1061 stagnis
308 1004 365 1045 nec
394 986 475 1045 adiri
503 997 634 1063 iisquam
666 987 706 1045 ad
733 986 811 1045 iristi
837 1006 962 1047 cursum
993 993 1116 1065 poterat

165 1081 275 1157 amnis,
290 1087 322 1141 et
336 1100 427 1159 posse
441 1092 584 1159 quamvis
599 1082 749 1158 languida
766 1094 865 1158 mergi
879 1094 960 1161 aqua
976 1085 1116 1144 infantes

166 1196 253 1255 spem
273 1178 448 1239 ferentibus
470 1179 572 1239 dabat.
614 1180 674 1254 Ita,
692 1180 780 1239 velut
797 1181 940 1239 defancti
960 1181 1042 1255 regis
1062 1181 1118 1239 im·
1138 1193 1153 1238 t

165 1274 260 1352 peria,
286 1274 320 1333 in
344 1275 620 1352 proximaeluvie,
646 1276 700 1335 ubi
725 1296 807 1336 nime
831 1277 913 1337 ficus
937 1277 1117 1337 Raminalis

165 1371 474 1431 est—Remularem
495 1378 636 1432 vocatam
654 1373 931 1450 ferunt—pucras
945 1379 1115 1451 expenunt.

166 1470 281 1529 Vastae
309 1474 376 1527 tum
404 1468 438 1526 in
465 1469 515 1528 bis
543 1469 619 1529 locis
648 1470 834 1529 selitadines
862 1475 959 1529 erant.
1018 1471 1153 1529 Tenetc

166 1565 259 1640 fama,
293 1584 364 1624 cum
393 1564 570 1625 fluitantem
601 1566 734 1640 alveum,
763 1576 825 1643 que
859 1562 995 1643 expositi
1028 1572 1118 1625 erant

165 1671 264 1739 pueri,
276 1662 380 1721 tenuis
392 1662 425 1719 in
437 1661 517 1721 sicce
529 1680 610 1739 aqua
621 1662 826 1737 destituisset,
839 1662 944 1740 lupam
958 1662 1117 1722 sitientem

166 1777 206 1817 ex
233 1758 399 1833 montibus,
429 1768 484 1835 qui
510 1758 592 1819 eirea
620 1764 702 1834 sunt,
728 1760 769 1818 ad
796 1759 949 1836 puerilem
976 1765 1116 1835 vagitum

166 1841 291 1915 cursum
301 1854 443 1930 flexisse3
465 1873 532 1914 eam
548 1856 719 1916 submissas
730 1856 907 1915 infantibus
921 1857 999 1915 adee
1009 1862 1118 1915 mitem

167 1952 347 2029 praebuisse
361 1961 520 2027 mammas,
533 1958 568 2011 ut
582 1951 691 2027 lingua
712 1952 901 2012 lambentem
922 1962 1035 2029 pueres
1057 1971 1120 2011 ma·

168 2049 264 2125 gister
282 2048 362 2124 regii
375 2049 496 2125 peeoris
511 2048 668 2109 invenerit
678 2049 879 2109 —Faustule
893 2049 992 2109 fuisse
1006 2060 1120 2109 nemen

167 2145 282 2204 ferunt.
325 2145 376 2204 Ab
393 2155 429 2205 ee
450 2146 490 2205 ad
505 2145 628 2205 stabula
643 2146 811 2206 Larentiae
831 2155 922 2205 uxeri
943 2146 1119 2206 educandas

168 2242 266 2301 dates.
319 2242 400 2301 Sunt
424 2252 480 2321 qui
502 2243 683 2302 Larentiam
704 2243 834 2319 vulgate
857 2262 985 2320 corpore
1013 2243 1119 2320 lupam
1140 2257 1155 2303 7

92 2338 95 2345 ’
167 2338 251 2397 inter
274 2344 415 2416 pasteres
440 2344 582 2399 vocatam
606 2345 736 2417 putent;
768 2340 842 2399 inde
867 2340 968 2399 locum
994 2339 1119 2399 fabulae

168 2454 204 2495 ac
228 2435 378 2495 miracula
402 2436 519 2495 datum.
562 2437 614 2495 Ita
638 2436 738 2513 geniti
761 2436 868 2513 itaque
891 2437 1024 2510 educati,
1048 2454 1117 2495 cum
1141 2453 1156 2498 8

169 2542 306 2609 primum
323 2532 461 2591 adolevit
478 2537 573 2607 aetas,
593 2533 700 2592 necin
720 2533 852 2593 stabulis
869 2551 926 2592 nec
947 2533 988 2592 ad
1008 2550 1121 2609 pecora

170 2638 279 2705 segnes
303 2630 447 2689 venande
471 2639 636 2706 peragrare
661 2629 769 2690 saltas.
812 2630 898 2688 Hine
925 2629 1034 2689 rebore
1058 2648 1121 2688 cor·
1141 2643 1157 2688 9

169 2804 254 2850 would
269 2803 305 2860 be,
317 2816 347 2851 as
357 2804 383 2850 in
393 2805 430 2849 21.
442 2806 479 2850 41.
490 2805 512 2851 2.
543 2806 566 2849 3.
587 2802 650 2850 Sed:
666 2805 713 2850 but
722 2804 867 2850 whichever
874 2816 928 2849 was
944 2805 987 2850 the
1002 2802 1172 2861 case-pre-

169 2870 297 2918 fluentem
308 2882 348 2918 a:
364 2885 381 2917 a
391 2870 624 2918 stream-iubet:
641 2873 669 2917 L.
679 2872 752 2918 often
761 2871 900 2929 carelessly
910 2872 987 2917 omits
1002 2872 1046 2917 the
1062 2871 1171 2929 subject,

170 2953 235 2986 even
245 2940 319 2986 when
329 2941 351 2985 it
361 2939 450 2987 differs
464 2940 532 2985 from
547 2941 605 2987 that
615 2940 642 2985 oi
657 2941 700 2985 the
711 2940 848 2997 preceding
857 2940 928 2985 verb.
958 2941 982 2984 4.
1002 2938 1083 2986 Forte
1092 2950 1119 2997 q.
1131 2937 1170 2985 d.:

171 3007 203 3065 bc
214 3008 325 3055 adiutae
339 3006 583 3054 chance-Tiberis
596 3042 600 3052 .
615 3042 620 3052 .
634 3042 639 3053 .
651 3006 748 3054 dabat:
766 3008 807 3054 the
826 3008 901 3054 iiber
914 3007 1014 3065 hacine
1028 3008 1173 3065 ccerflowed

173 3110 178 3121 .
192 3109 197 3121 .
211 3109 216 3120 .
229 3076 303 3122 could
313 3081 358 3122 not
368 3075 396 3122 bc
407 3077 585 3133 approached.
599 3110 604 3121 .
618 3110 624 3121 .
637 3076 681 3121 but
697 3076 756 3133 they
767 3072 976 3133 nopae-iacti:
992 3074 1114 3133 reculae,¹
1130 3088 1173 3121 see

171 3156 204 3189 on
219 3156 240 3189 c.
256 3145 278 3189 1.
293 3146 315 3190 4.
344 3146 366 3190 5.
388 3142 470 3191 ficus:
496 3144 636 3190 aiterward
654 3145 743 3191 shown
760 3157 793 3190 on
811 3144 855 3190 the
872 3147 983 3190 western
1000 3142 1071 3201 slope
1086 3144 1114 3189 of
1129 3143 1173 3189 the

171 3212 296 3259 Palatina.
326 3214 348 3258 6.
368 3211 480 3259 Vestae:
497 3213 565 3259 wild.
596 3213 648 3270 The
663 3214 760 3259 streteh
774 3214 889 3259 between
905 3210 1174 3269 thePalatine,Cap1-

171 3280 259 3336 toline,
272 3282 322 3327 and
334 3282 461 3328 Aventina
471 3295 524 3328 was
539 3295 555 3328 a
570 3294 685 3340 swampy
693 3285 782 3328 waste.
790 3280 890 3339 -qui.
903 3314 909 3326 .
923 3314 928 3325 .
940 3281 1017 3325 sunt:
1035 3279 1174 3326 sumund-

172 3350 226 3404 inp,
244 3350 285 3394 ae.
304 3362 337 3395 on
355 3350 418 3395 both
435 3350 502 3396 sides
520 3350 547 3395 of
567 3350 610 3396 the
628 3346 892 3395 rivam-Faustum:
908 3348 1025 3405 favores,
1044 3346 1174 3404 helpen-

172 3414 337 3463 5dueand5s:
354 3422 378 3463 io
389 3418 417 3463 be
429 3417 537 3471 ercupht
547 3430 591 3475 ap.
621 3418 644 3463 8.
665 3415 700 3464 ad
710 3426 821 3474 pecora:
838 3417 912 3462 when
922 3415 967 3461 the
982 3415 1059 3461 herde
1069 3414 1173 3460 were-in

173 3484 216 3529 the
225 3483 527 3541 pasturas-venantie:
544 3486 611 3531 mod.
623 3485 673 3532 abl.
705 3485 758 3531 The
768 3497 855 3546 young
864 3497 923 3532 meu
931 3496 998 3531 were
1005 3481 1174 3541 particularly

173 3552 258 3599 active
273 3552 300 3597 in
314 3552 432 3611 hunting.
