2834 4117
278 342 321 405 94
694 348 769 398 mm
792 347 871 396 mvi

329 525 440 584 abnuit
458 534 637 601 cognomen,
659 530 695 584 ut
717 525 775 584 sub
792 524 860 584 eius
879 525 1011 584 obtentu
1032 525 1234 600 cognominis
1260 526 1307 585 li-

328 622 451 681 berator
468 621 523 681 illc
543 622 652 699 populi
670 622 807 681 Romani
823 621 948 680 animus
966 621 1069 681 latens
1085 629 1304 699 opperiretur

293 730 308 775 9
328 723 470 795 tempora
484 737 548 777 sua.
591 719 712 778 Istum
732 719 771 777 ab
792 718 974 794 Tarquiniis
995 719 1108 778 ductus
1129 719 1300 796 Delphos,

329 815 501 875 ludibrium
515 815 620 875 verius
635 834 730 891 quam
749 833 860 889 comes,
876 833 1004 874 aureum
1021 814 1167 875 baculum
1185 816 1303 875 inolu-

248 904 250 908 ’
330 930 399 971 sum
413 922 524 972 corneo
542 918 652 971 caveto
672 912 765 971 adid
786 911 897 971 baculo
916 912 1028 973 tulisse
1050 912 1166 972 donum
1187 912 1301 989 Apol-

279 1021 308 1065 10
329 1009 389 1067 lini
410 1010 534 1081 dicitur,
554 1028 610 1085 per
634 1009 780 1084 ambages
805 1008 938 1085 effigiem
967 1008 1087 1085 ingenii
1115 1018 1172 1067 sui.
1217 1010 1299 1079 Que

329 1111 494 1182 postquam
505 1112 634 1164 ventum
648 1110 704 1180 est,
720 1104 869 1181 perfectis
884 1105 982 1181 patris
997 1106 1153 1165 mandetis
1167 1106 1297 1183 cupide

330 1202 459 1261 incessit
480 1202 600 1261 animos
620 1202 769 1261 iuvenum
791 1201 982 1275 sciscitandi,
998 1202 1039 1260 ad
1060 1220 1153 1278 quem
1174 1212 1294 1261 eorum

329 1308 459 1373 regnum
473 1300 649 1358 Remenum
667 1304 749 1358 esset
768 1304 944 1357 venturum.
986 1299 1037 1356 Ex
1057 1297 1166 1357 infime
1187 1310 1292 1375 specu

329 1405 436 1455 vocem
451 1395 606 1454 redditam
621 1396 746 1454 ferunt:
770 1395 971 1471 “Imperium
988 1413 1144 1454 summum
1162 1396 1291 1455 Romae

329 1492 457 1553 habebit
471 1502 527 1568 qui
540 1497 679 1551 vestrum
693 1501 822 1568 primus,
838 1501 856 1551 ὁ
876 1492 1014 1566 iuvenes,
1030 1490 1170 1551 osculum
1187 1498 1291 1551 metri

280 1602 307 1647 11
329 1589 467 1648 tulerit.’'
509 1588 683 1665 Tarquinii,
708 1595 745 1648 ut
773 1588 896 1664 Sextus
925 1597 981 1664 qui
1007 1588 1126 1648 Romae
1153 1587 1288 1649 relictus

329 1686 442 1757 fuerat,
461 1685 589 1761 ignarus
609 1694 751 1761 respensi
769 1702 940 1761 expersque
963 1684 1089 1761 imperii
1109 1690 1200 1758 esset,
1216 1703 1286 1744 rem

331 1791 451 1841 summe
465 1800 522 1857 cpe
536 1788 634 1841 taceri
648 1781 773 1856 iubent3
797 1781 859 1857 ipsi
873 1781 955 1840 inter
970 1790 1012 1856 se,
1023 1786 1094 1840 uter
1104 1781 1199 1858 prior,
1211 1799 1286 1839 cum

330 1879 463 1937 Remam
484 1879 647 1953 redissent,
663 1883 757 1936 metri
778 1877 917 1937 osculum
939 1877 1036 1952 daret,
1059 1883 1137 1937 sorti
1156 1878 1286 1955 permit

280 1994 309 2039 12
330 1981 410 2035 tunt.
454 1976 572 2033 Brutus
600 1974 663 2033 alie
690 1981 777 2033 ratus
802 1978 941 2050 spectem
969 1974 1137 2051 Pythicam
1164 1984 1282 2049 vocem,

331 2072 418 2131 velut
443 2081 470 2131 si
490 2070 654 2148 prolapsus
678 2070 851 2145 cecidisset,
867 2075 982 2130 terram
1006 2070 1112 2131 esculo
1138 2070 1280 2147 contigit,

331 2169 451 2227 scilicet
466 2168 550 2244 quod
568 2186 605 2227 ea
626 2168 798 2226 communis
820 2172 919 2226 mater
940 2167 1080 2226 omnium
1101 2166 1280 2226 mortalium
1357 2202 1364 2212 ,

331 2270 421 2325 esset.
464 2264 617 2323 Reditum
638 2264 711 2322 inde
732 2263 874 2339 Romam,
899 2264 954 2323 ubi
975 2264 1123 2324 adversus
1145 2264 1278 2325 Rutrles

330 2361 448 2421 bellum
463 2370 584 2421 summe
597 2370 630 2418 vi
644 2361 820 2437 parebatur.

371 2460 418 2517 57.
448 2457 586 2517 Ardeam
607 2455 721 2515 Rutuli
741 2456 907 2531 habebant,
930 2466 1015 2532 gens,
1036 2463 1073 2516 ut
1094 2457 1127 2515 in
1148 2466 1185 2516 ce
1204 2457 1277 2533 regi-
1326 2455 1330 2463 '

331 2564 388 2614 ene
413 2560 506 2631 atque
531 2554 566 2612 in
590 2562 626 2612 ee
650 2558 762 2627 aetate,
778 2553 900 2612 divitiis
924 2553 1131 2630 praepollens.
1173 2554 1275 2629 anue

330 2652 400 2728 ipsa
413 2669 507 2710 causa
520 2649 597 2709 belli
610 2649 682 2723 fuit,
698 2649 782 2725 quod
800 2659 855 2708 rex
873 2650 1035 2709 Romanus
1056 2668 1127 2708 cum
1148 2650 1214 2727 ipse
1234 2650 1275 2708 di-

293 2765 308 2809 2
330 2754 392 2806 tari
406 2746 577 2806 exhaustus
591 2745 825 2822 magnificentie
843 2746 1039 2823 publicorum
1060 2764 1197 2823 operum,
1210 2751 1273 2805 tum

329 2844 446 2922 praede
464 2843 602 2902 delenire
623 2842 822 2920 popularium
843 2843 964 2902 animes
986 2843 1140 2917 studebat,
1158 2847 1273 2919 praeter

330 2942 425 3001 aliam
445 2940 622 3017 superbiam
642 2948 738 3015 regno
757 2939 891 2999 infestes
909 2939 1006 2998 etiam
1025 2939 1109 3015 quod
1129 2948 1161 2998 se
1182 2939 1214 2997 in
1232 2939 1272 2999 fa·

329 3038 455 3098 brorum
471 3036 655 3095 ministeriis
669 3054 704 3095 ac
721 3035 828 3094 servili
844 3040 910 3095 tam
925 3035 980 3094 diu
994 3035 1119 3095 habitos
1135 3053 1224 3112 opere
1236 3036 1270 3095 ab

294 3149 308 3193 3
330 3144 399 3211 rege
427 3134 680 3211 indignabantur.
723 3133 891 3210 Tempteta
914 3141 964 3191 res
985 3138 1042 3208 est,
1058 3141 1085 3191 si
1105 3141 1205 3209 primo
1223 3130 1270 3190 im-

278 3299 616 3349 liberator=libcrriniruc
657 3259 952 3344 9.1irdibrium:butt.
991 3298 1028 3343 10.
1049 3300 1286 3356 qucm=ctrum;·

276 3368 485 3431 primusimplies
495 3368 539 3413 the
550 3368 629 3413 three.
657 3366 692 3411 12.
709 3364 764 3411 aiii
777 3399 782 3409 .
797 3398 802 3409 .
816 3398 821 3409 .
833 3366 970 3420 spectare:
984 3364 1037 3410 hod
1045 3377 1061 3409 o
1070 3364 1270 3422 differemmeoa-

279 3454 412 3554 mil-80.
443 3503 499 3551 Fall
510 3504 537 3550 oi
552 3502 663 3561 Tarquin
674 3502 726 3547 and
736 3501 780 3546 the
790 3500 922 3556 kingdom.

318 3573 361 3623 oi.
383 3576 405 3619 2.
426 3574 549 3631 practer:
571 3573 600 3618 in
620 3571 739 3617 addition
759 3566 931 3625 c0.-regn‹'>:
956 3569 1000 3615 tha
1019 3567 1144 3627 kingdom
1163 3569 1212 3615 and
1229 3573 1267 3617 rot
