<?xml version="1.0" encoding="UTF-8"?>
<!DOCTYPE html PUBLIC "-//W3C//DTD XHTML 1.0 Transitional//EN"
    "http://www.w3.org/TR/xhtml1/DTD/xhtml1-transitional.dtd">
<html xmlns="http://www.w3.org/1999/xhtml" xml:lang="en" lang="en">
 <head>
  <title>
</title>
<meta http-equiv="Content-Type" content="text/html;charset=utf-8" />
  <meta name='ocr-system' content='tesseract 3.04.00' />
  <meta name='ocr-capabilities' content='ocr_page ocr_carea ocr_par ocr_line ocrx_word'/>
</head>
<body>
  <div class='ocr_page' id='page_1' title='image "./livybooki01lordgoog_0021.png"; bbox 0 0 2834 4117; ppageno 0'>
   <div class='ocr_carea' id='block_1_1' title="bbox 566 313 1141 377">
    <p class='ocr_par' dir='ltr' id='par_1_1' title="bbox 566 313 1141 377">
     <span class='ocr_line' id='line_1_1' title="bbox 566 313 1141 377; baseline 0.014 -8"><span class='ocrx_word' id='word_1_1' title='bbox 566 321 677 370; x_wconf 79' lang='lat' dir='ltr'>nmen</span> <span class='ocrx_word' id='word_1_2' title='bbox 700 322 715 370; x_wconf 93' lang='lat'>1</span> <span class='ocrx_word' id='word_1_3' title='bbox 1099 313 1141 377; x_wconf 89' lang='grc'>13</span> 
     </span>
    </p>
   </div>
   <div class='ocr_carea' id='block_1_2' title="bbox 135 495 1128 2914">
    <p class='ocr_par' dir='ltr' id='par_1_2' title="bbox 139 495 1128 673">
     <span class='ocr_line' id='line_1_2' title="bbox 139 495 1128 574; baseline 0.002 -19"><span class='ocrx_word' id='word_1_4' title='bbox 139 498 252 556; x_wconf 82' lang='lat' dir='ltr'>meal’&#39;</span> <span class='ocrx_word' id='word_1_5' title='bbox 271 497 482 556; x_wconf 87' lang='lat' dir='ltr'>interfectum.</span> <span class='ocrx_word' id='word_1_6' title='bbox 525 497 577 556; x_wconf 90' lang='lat' dir='ltr'>Ita</span> <span class='ocrx_word' id='word_1_7' title='bbox 595 497 680 557; x_wconf 84' lang='lat' dir='ltr'>solus</span> <span class='ocrx_word' id='word_1_8' title='bbox 699 501 818 573; x_wconf 83' lang='lat' dir='ltr'>potitus</span> <span class='ocrx_word' id='word_1_9' title='bbox 833 495 965 574; x_wconf 78' lang='lat' dir='ltr'>imperio</span> <span class='ocrx_word' id='word_1_10' title='bbox 978 498 1092 557; x_wconf 84' lang='lat' dir='ltr'>Romu·</span> <span class='ocrx_word' id='word_1_11' title='bbox 1112 512 1128 557; x_wconf 83' lang='lat'><strong>3</strong></span> 
     </span>
     <span class='ocr_line' id='line_1_3' title="bbox 139 593 948 673; baseline 0.002 -22"><span class='ocrx_word' id='word_1_12' title='bbox 139 593 205 668; x_wconf 78' lang='lat' dir='ltr'>lus3</span> <span class='ocrx_word' id='word_1_13' title='bbox 227 594 354 653; x_wconf 87' lang='lat' dir='ltr'>condita</span> <span class='ocrx_word' id='word_1_14' title='bbox 367 594 441 653; x_wconf 89' lang='lat' dir='ltr'>urbs</span> <span class='ocrx_word' id='word_1_15' title='bbox 455 594 626 653; x_wconf 85' lang='lat' dir='ltr'>conditoris</span> <span class='ocrx_word' id='word_1_16' title='bbox 640 594 767 673; x_wconf 78' lang='lat' dir='ltr'>nomine</span> <span class='ocrx_word' id='word_1_17' title='bbox 781 594 948 670; x_wconf 81' lang='lat' dir='ltr'>appellata</span> 
     </span>
    </p>

    <p class='ocr_par' dir='ltr' id='par_1_3' title="bbox 135 690 1127 2914">
     <span class='ocr_line' id='line_1_4' title="bbox 179 690 1088 769; baseline 0.002 -20"><span class='ocrx_word' id='word_1_18' title='bbox 179 690 338 749; x_wconf 78' lang='lat' dir='ltr'>Palatium</span> <span class='ocrx_word' id='word_1_19' title='bbox 352 700 497 767; x_wconf 86' lang='lat' dir='ltr'>primum,</span> <span class='ocrx_word' id='word_1_20' title='bbox 512 690 546 749; x_wconf 89' lang='lat' dir='ltr'>in</span> <span class='ocrx_word' id='word_1_21' title='bbox 560 699 621 768; x_wconf 80' lang='lat' dir='ltr'>quo</span> <span class='ocrx_word' id='word_1_22' title='bbox 635 690 703 769; x_wconf 89' lang='lat' dir='ltr'>ipse</span> <span class='ocrx_word' id='word_1_23' title='bbox 718 695 786 749; x_wconf 89' lang='lat' dir='ltr'>erat</span> <span class='ocrx_word' id='word_1_24' title='bbox 797 691 955 766; x_wconf 82' lang='lat' dir='ltr'>educatus,</span> <span class='ocrx_word' id='word_1_25' title='bbox 967 692 1088 751; x_wconf 78' lang='lat' dir='ltr'>muniit.</span> 
     </span>
     <span class='ocr_line' id='line_1_5' title="bbox 140 787 1092 863; baseline 0.001 -16"><span class='ocrx_word' id='word_1_26' title='bbox 140 788 234 847; x_wconf 85' lang='lat' dir='ltr'>Sacra</span> <span class='ocrx_word' id='word_1_27' title='bbox 258 788 319 847; x_wconf 82' lang='lat' dir='ltr'>diis</span> <span class='ocrx_word' id='word_1_28' title='bbox 344 787 416 847; x_wconf 82' lang='lat' dir='ltr'>aliis</span> <span class='ocrx_word' id='word_1_29' title='bbox 434 788 565 847; x_wconf 74' lang='lat' dir='ltr'>Albano</span> <span class='ocrx_word' id='word_1_30' title='bbox 589 793 662 862; x_wconf 80' lang='lat' dir='ltr'>ritu,</span> <span class='ocrx_word' id='word_1_31' title='bbox 686 788 805 848; x_wconf 84' lang='lat' dir='ltr'>Graeco</span> <span class='ocrx_word' id='word_1_32' title='bbox 829 788 970 863; x_wconf 80' lang='lat' dir='ltr'>Herculi,</span> <span class='ocrx_word' id='word_1_33' title='bbox 992 794 1028 847; x_wconf 90' lang='lat' dir='ltr'>ut</span> <span class='ocrx_word' id='word_1_34' title='bbox 1052 789 1092 848; x_wconf 93' lang='lat' dir='ltr'>ab</span> 
     </span>
     <span class='ocr_line' id='line_1_6' title="bbox 138 883 1127 959; baseline 0 -17"><span class='ocrx_word' id='word_1_35' title='bbox 138 884 288 943; x_wconf 82' lang='lat' dir='ltr'>Euandro</span> <span class='ocrx_word' id='word_1_36' title='bbox 308 885 456 943; x_wconf 78' lang='lat' dir='ltr'>institdta</span> <span class='ocrx_word' id='word_1_37' title='bbox 476 889 574 959; x_wconf 89' lang='lat' dir='ltr'>erant,</span> <span class='ocrx_word' id='word_1_38' title='bbox 592 884 678 944; x_wconf 85' lang='lat' dir='ltr'>facit.</span> <span class='ocrx_word' id='word_1_39' title='bbox 721 883 892 943; x_wconf 79' lang='lat' dir='ltr'>Herculem</span> <span class='ocrx_word' id='word_1_40' title='bbox 912 884 947 943; x_wconf 92' lang='lat' dir='ltr'>in</span> <span class='ocrx_word' id='word_1_41' title='bbox 967 903 1005 944; x_wconf 91' lang='lat' dir='ltr'>ea</span> <span class='ocrx_word' id='word_1_42' title='bbox 1024 886 1093 945; x_wconf 87' lang='lat' dir='ltr'>loca</span> <span class='ocrx_word' id='word_1_43' title='bbox 1111 899 1127 942; x_wconf 87' lang='lat'>4</span> 
     </span>
     <span class='ocr_line' id='line_1_7' title="bbox 140 980 1091 1059; baseline 0 -18"><span class='ocrx_word' id='word_1_44' title='bbox 140 981 285 1059; x_wconf 80' lang='lat' dir='ltr'>Geryone</span> <span class='ocrx_word' id='word_1_45' title='bbox 300 980 488 1058; x_wconf 83' lang='lat' dir='ltr'>interempto</span> <span class='ocrx_word' id='word_1_46' title='bbox 503 981 597 1041; x_wconf 83' lang='lat' dir='ltr'>boves</span> <span class='ocrx_word' id='word_1_47' title='bbox 612 990 691 1040; x_wconf 84' lang='lat' dir='ltr'>mira</span> <span class='ocrx_word' id='word_1_48' title='bbox 706 980 809 1058; x_wconf 80' lang='lat' dir='ltr'>specie</span> <span class='ocrx_word' id='word_1_49' title='bbox 825 980 966 1057; x_wconf 81' lang='lat' dir='ltr'>abegisse</span> <span class='ocrx_word' id='word_1_50' title='bbox 980 1000 1091 1041; x_wconf 86' lang='lat' dir='ltr'>memo</span> 
     </span>
     <span class='ocr_line' id='line_1_8' title="bbox 138 1070 1091 1155; baseline 0.004 -20"><span class='ocrx_word' id='word_1_51' title='bbox 138 1082 219 1152; x_wconf 88' lang='lat' dir='ltr'>rant,</span> <span class='ocrx_word' id='word_1_52' title='bbox 235 1096 270 1136; x_wconf 92' lang='lat' dir='ltr'>ac</span> <span class='ocrx_word' id='word_1_53' title='bbox 284 1070 381 1155; x_wconf 90' lang='lat' dir='ltr'>prope</span> <span class='ocrx_word' id='word_1_54' title='bbox 395 1077 533 1137; x_wconf 84' lang='lat' dir='ltr'>Tiberim</span> <span class='ocrx_word' id='word_1_55' title='bbox 548 1077 688 1153; x_wconf 87' lang='lat' dir='ltr'>fluvium,</span> <span class='ocrx_word' id='word_1_56' title='bbox 701 1087 764 1154; x_wconf 83' lang='lat' dir='ltr'>qua</span> <span class='ocrx_word' id='word_1_57' title='bbox 777 1096 852 1155; x_wconf 93' lang='lat' dir='ltr'>prae</span> <span class='ocrx_word' id='word_1_58' title='bbox 866 1088 900 1138; x_wconf 84' lang='lat' dir='ltr'>se</span> <span class='ocrx_word' id='word_1_59' title='bbox 914 1084 1091 1139; x_wconf 91' lang='lat' dir='ltr'>armentum</span> 
     </span>
     <span class='ocr_line' id='line_1_9' title="bbox 138 1174 1091 1253; baseline 0.002 -20"><span class='ocrx_word' id='word_1_60' title='bbox 138 1184 233 1250; x_wconf 84' lang='lat' dir='ltr'>agens</span> <span class='ocrx_word' id='word_1_61' title='bbox 260 1175 364 1234; x_wconf 83' lang='lat' dir='ltr'>nando</span> <span class='ocrx_word' id='word_1_62' title='bbox 391 1174 565 1248; x_wconf 80' lang='lat' dir='ltr'>traiecerat,</span> <span class='ocrx_word' id='word_1_63' title='bbox 594 1175 661 1235; x_wconf 82' lang='lat' dir='ltr'>loco</span> <span class='ocrx_word' id='word_1_64' title='bbox 688 1174 827 1250; x_wconf 84' lang='lat' dir='ltr'>herbido,</span> <span class='ocrx_word' id='word_1_65' title='bbox 856 1180 892 1234; x_wconf 90' lang='lat' dir='ltr'>ut</span> <span class='ocrx_word' id='word_1_66' title='bbox 927 1175 1031 1253; x_wconf 87' lang='lat' dir='ltr'>quiete</span> <span class='ocrx_word' id='word_1_67' title='bbox 1059 1182 1091 1235; x_wconf 91' lang='lat' dir='ltr'>et</span> 
     </span>
     <span class='ocr_line' id='line_1_10' title="bbox 138 1264 1091 1348; baseline 0.003 -19"><span class='ocrx_word' id='word_1_68' title='bbox 138 1270 253 1347; x_wconf 85' lang='lat' dir='ltr'>pabulo</span> <span class='ocrx_word' id='word_1_69' title='bbox 286 1270 369 1332; x_wconf 80' lang='lat' dir='ltr'>laeto</span> <span class='ocrx_word' id='word_1_70' title='bbox 396 1264 536 1331; x_wconf 81' lang='lat' dir='ltr'>reficeret</span> <span class='ocrx_word' id='word_1_71' title='bbox 564 1272 667 1347; x_wconf 79' lang='lat' dir='ltr'>borea,</span> <span class='ocrx_word' id='word_1_72' title='bbox 696 1277 728 1330; x_wconf 90' lang='lat' dir='ltr'>et</span> <span class='ocrx_word' id='word_1_73' title='bbox 760 1271 864 1348; x_wconf 90' lang='lat' dir='ltr'>ipsum</span> <span class='ocrx_word' id='word_1_74' title='bbox 891 1272 1012 1332; x_wconf 78' lang='lat' dir='ltr'>fessum</span> <span class='ocrx_word' id='word_1_75' title='bbox 1039 1272 1091 1332; x_wconf 82' lang='lat' dir='ltr'>via</span> 
     </span>
     <span class='ocr_line' id='line_1_11' title="bbox 138 1367 1126 1446; baseline 0.004 -21"><span class='ocrx_word' id='word_1_76' title='bbox 138 1367 348 1444; x_wconf 84' lang='lat' dir='ltr'>procubuisse.</span> <span class='ocrx_word' id='word_1_77' title='bbox 391 1368 441 1427; x_wconf 92' lang='lat' dir='ltr'>Ibi</span> <span class='ocrx_word' id='word_1_78' title='bbox 469 1387 539 1428; x_wconf 90' lang='lat' dir='ltr'>cum</span> <span class='ocrx_word' id='word_1_79' title='bbox 568 1386 639 1427; x_wconf 90' lang='lat' dir='ltr'>eum</span> <span class='ocrx_word' id='word_1_80' title='bbox 666 1368 736 1428; x_wconf 83' lang='lat' dir='ltr'>cibo</span> <span class='ocrx_word' id='word_1_81' title='bbox 762 1377 899 1446; x_wconf 82' lang='lat' dir='ltr'>vinoque</span> <span class='ocrx_word' id='word_1_82' title='bbox 927 1374 1126 1443; x_wconf 82' lang='lat' dir='ltr'>gravatum5</span> 
     </span>
     <span class='ocr_line' id='line_1_12' title="bbox 138 1464 1090 1542; baseline 0.002 -19"><span class='ocrx_word' id='word_1_83' title='bbox 138 1482 230 1541; x_wconf 90' lang='lat' dir='ltr'>sopor</span> <span class='ocrx_word' id='word_1_84' title='bbox 257 1464 473 1542; x_wconf 80' lang='lat' dir='ltr'>oppressisset,</span> <span class='ocrx_word' id='word_1_85' title='bbox 501 1470 608 1542; x_wconf 83' lang='lat' dir='ltr'>pastor</span> <span class='ocrx_word' id='word_1_86' title='bbox 641 1464 748 1524; x_wconf 90' lang='lat' dir='ltr'>accola</span> <span class='ocrx_word' id='word_1_87' title='bbox 775 1464 842 1525; x_wconf 81' lang='lat' dir='ltr'>eius</span> <span class='ocrx_word' id='word_1_88' title='bbox 865 1464 940 1539; x_wconf 81' lang='lat' dir='ltr'>loci,</span> <span class='ocrx_word' id='word_1_89' title='bbox 964 1466 1090 1525; x_wconf 78' lang='lat' dir='ltr'>ndmine</span> 
     </span>
     <span class='ocr_line' id='line_1_13' title="bbox 138 1560 1089 1639; baseline 0 -18"><span class='ocrx_word' id='word_1_90' title='bbox 138 1560 246 1635; x_wconf 78' lang='lat' dir='ltr'>Cacus,</span> <span class='ocrx_word' id='word_1_91' title='bbox 266 1561 357 1621; x_wconf 79' lang='lat' dir='ltr'>ferox</span> <span class='ocrx_word' id='word_1_92' title='bbox 373 1561 502 1636; x_wconf 83' lang='lat' dir='ltr'>viribus,</span> <span class='ocrx_word' id='word_1_93' title='bbox 519 1567 629 1639; x_wconf 89' lang='lat' dir='ltr'>captus</span> <span class='ocrx_word' id='word_1_94' title='bbox 651 1561 887 1639; x_wconf 84' lang='lat' dir='ltr'>pulchritudine</span> <span class='ocrx_word' id='word_1_95' title='bbox 906 1562 1000 1621; x_wconf 91' lang='lat' dir='ltr'>boum</span> <span class='ocrx_word' id='word_1_96' title='bbox 1019 1580 1089 1621; x_wconf 89' lang='lat' dir='ltr'>cum</span> 
     </span>
     <span class='ocr_line' id='line_1_14' title="bbox 137 1658 1089 1736; baseline 0.002 -21"><span class='ocrx_word' id='word_1_97' title='bbox 137 1664 277 1716; x_wconf 81' lang='lat' dir='ltr'>avertere</span> <span class='ocrx_word' id='word_1_98' title='bbox 289 1677 356 1717; x_wconf 88' lang='lat' dir='ltr'>eam</span> <span class='ocrx_word' id='word_1_99' title='bbox 371 1658 517 1736; x_wconf 89' lang='lat' dir='ltr'>praedam</span> <span class='ocrx_word' id='word_1_100' title='bbox 530 1658 635 1733; x_wconf 89' lang='lat' dir='ltr'>vellet,</span> <span class='ocrx_word' id='word_1_101' title='bbox 648 1658 729 1735; x_wconf 90' lang='lat' dir='ltr'>quia,</span> <span class='ocrx_word' id='word_1_102' title='bbox 742 1667 770 1718; x_wconf 87' lang='lat' dir='ltr'>si</span> <span class='ocrx_word' id='word_1_103' title='bbox 780 1659 900 1733; x_wconf 85' lang='lat' dir='ltr'>agendo</span> <span class='ocrx_word' id='word_1_104' title='bbox 915 1664 1089 1717; x_wconf 78' lang='lat' dir='ltr'>armentum</span> 
     </span>
     <span class='ocr_line' id='line_1_15' title="bbox 136 1754 1089 1832; baseline 0.001 -20"><span class='ocrx_word' id='word_1_105' title='bbox 136 1754 172 1812; x_wconf 89' lang='lat' dir='ltr'>in</span> <span class='ocrx_word' id='word_1_106' title='bbox 196 1755 376 1831; x_wconf 85' lang='lat' dir='ltr'>speluncam</span> <span class='ocrx_word' id='word_1_107' title='bbox 401 1754 611 1831; x_wconf 78' lang='lat' dir='ltr'>compulisset,</span> <span class='ocrx_word' id='word_1_108' title='bbox 638 1755 707 1832; x_wconf 90' lang='lat' dir='ltr'>ipsa</span> <span class='ocrx_word' id='word_1_109' title='bbox 730 1754 865 1830; x_wconf 79' lang='lat' dir='ltr'>vestigia</span> <span class='ocrx_word' id='word_1_110' title='bbox 889 1761 1089 1832; x_wconf 80' lang='lat' dir='ltr'>quaerentem</span> 
     </span>
     <span class='ocr_line' id='line_1_16' title="bbox 138 1851 1089 1927; baseline -0.001 -16"><span class='ocrx_word' id='word_1_111' title='bbox 138 1851 298 1911; x_wconf 91' lang='lat' dir='ltr'>dominum</span> <span class='ocrx_word' id='word_1_112' title='bbox 315 1861 351 1911; x_wconf 80' lang='lat' dir='ltr'>ec</span> <span class='ocrx_word' id='word_1_113' title='bbox 368 1852 541 1911; x_wconf 82' lang='lat' dir='ltr'>deductura</span> <span class='ocrx_word' id='word_1_114' title='bbox 557 1857 654 1926; x_wconf 91' lang='lat' dir='ltr'>erant,</span> <span class='ocrx_word' id='word_1_115' title='bbox 674 1861 800 1911; x_wconf 67' lang='lat' dir='ltr'>aversos</span> <span class='ocrx_word' id='word_1_116' title='bbox 817 1851 921 1927; x_wconf 81' lang='lat' dir='ltr'>boves,</span> <span class='ocrx_word' id='word_1_117' title='bbox 940 1852 1089 1910; x_wconf 83' lang='lat' dir='ltr'>eximium</span> 
     </span>
     <span class='ocr_line' id='line_1_17' title="bbox 138 1948 1087 2025; baseline 0.002 -19"><span class='ocrx_word' id='word_1_118' title='bbox 138 1967 291 2025; x_wconf 89' lang='lat' dir='ltr'>quemque</span> <span class='ocrx_word' id='word_1_119' title='bbox 316 1948 559 2025; x_wconf 77' lang='lat' dir='ltr'>pulchritudine,</span> <span class='ocrx_word' id='word_1_120' title='bbox 583 1949 691 2009; x_wconf 84' lang='lat' dir='ltr'>caudis</span> <span class='ocrx_word' id='word_1_121' title='bbox 715 1948 750 2006; x_wconf 91' lang='lat' dir='ltr'>in</span> <span class='ocrx_word' id='word_1_122' title='bbox 775 1948 955 2025; x_wconf 81' lang='lat' dir='ltr'>speluncam</span> <span class='ocrx_word' id='word_1_123' title='bbox 980 1949 1087 2008; x_wconf 81' lang='lat' dir='ltr'>traxit.</span> 
     </span>
     <span class='ocr_line' id='line_1_18' title="bbox 137 2044 1125 2122; baseline 0.002 -19"><span class='ocrx_word' id='word_1_124' title='bbox 137 2044 292 2104; x_wconf 84' lang='lat' dir='ltr'>Hercules</span> <span class='ocrx_word' id='word_1_125' title='bbox 312 2046 351 2104; x_wconf 91' lang='lat' dir='ltr'>ad</span> <span class='ocrx_word' id='word_1_126' title='bbox 370 2054 503 2122; x_wconf 79' lang='lat' dir='ltr'>primam</span> <span class='ocrx_word' id='word_1_127' title='bbox 518 2054 660 2105; x_wconf 86' lang='lat' dir='ltr'>auroram</span> <span class='ocrx_word' id='word_1_128' title='bbox 678 2054 787 2105; x_wconf 83' lang='lat' dir='ltr'>somno</span> <span class='ocrx_word' id='word_1_129' title='bbox 804 2048 925 2105; x_wconf 83' lang='lat' dir='ltr'>excitus</span> <span class='ocrx_word' id='word_1_130' title='bbox 940 2064 1010 2104; x_wconf 89' lang='lat' dir='ltr'>cum</span> <span class='ocrx_word' id='word_1_131' title='bbox 1026 2064 1089 2121; x_wconf 89' lang='lat' dir='ltr'>gre·</span> <span class='ocrx_word' id='word_1_132' title='bbox 1110 2067 1125 2111; x_wconf 79' lang='lat' dir='ltr'>a</span> 
     </span>
     <span class='ocr_line' id='line_1_19' title="bbox 137 2141 1090 2219; baseline 0.002 -20"><span class='ocrx_word' id='word_1_133' title='bbox 137 2160 208 2217; x_wconf 86' lang='lat' dir='ltr'>gem</span> <span class='ocrx_word' id='word_1_134' title='bbox 221 2141 444 2218; x_wconf 82' lang='lat' dir='ltr'>perlustrasset</span> <span class='ocrx_word' id='word_1_135' title='bbox 458 2142 555 2202; x_wconf 79' lang='lat' dir='ltr'>oculis</span> <span class='ocrx_word' id='word_1_136' title='bbox 570 2148 602 2201; x_wconf 90' lang='lat' dir='ltr'>et</span> <span class='ocrx_word' id='word_1_137' title='bbox 620 2147 741 2219; x_wconf 89' lang='lat' dir='ltr'>partem</span> <span class='ocrx_word' id='word_1_138' title='bbox 756 2142 864 2203; x_wconf 90' lang='lat' dir='ltr'>abesse</span> <span class='ocrx_word' id='word_1_139' title='bbox 878 2152 1008 2202; x_wconf 83' lang='lat' dir='ltr'>numero</span> <span class='ocrx_word' id='word_1_140' title='bbox 1023 2152 1090 2203; x_wconf 83' lang='lat' dir='ltr'>sen-</span> 
     </span>
     <span class='ocr_line' id='line_1_20' title="bbox 137 2238 1088 2316; baseline 0 -18"><span class='ocrx_word' id='word_1_141' title='bbox 137 2238 239 2314; x_wconf 91' lang='lat' dir='ltr'>sisset,</span> <span class='ocrx_word' id='word_1_142' title='bbox 268 2238 371 2316; x_wconf 90' lang='lat' dir='ltr'>pergit</span> <span class='ocrx_word' id='word_1_143' title='bbox 397 2240 438 2299; x_wconf 89' lang='lat' dir='ltr'>ad</span> <span class='ocrx_word' id='word_1_144' title='bbox 465 2239 640 2316; x_wconf 84' lang='lat' dir='ltr'>proximam</span> <span class='ocrx_word' id='word_1_145' title='bbox 668 2239 858 2316; x_wconf 81' lang='lat' dir='ltr'>speluncam,</span> <span class='ocrx_word' id='word_1_146' title='bbox 887 2248 916 2299; x_wconf 86' lang='lat' dir='ltr'>si</span> <span class='ocrx_word' id='word_1_147' title='bbox 942 2239 1024 2298; x_wconf 87' lang='lat' dir='ltr'>forte</span> <span class='ocrx_word' id='word_1_148' title='bbox 1052 2249 1088 2298; x_wconf 85' lang='lat' dir='ltr'>eo</span> 
     </span>
     <span class='ocr_line' id='line_1_21' title="bbox 136 2334 1089 2412; baseline 0 -17"><span class='ocrx_word' id='word_1_149' title='bbox 136 2334 271 2412; x_wconf 81' lang='lat' dir='ltr'>vestigia</span> <span class='ocrx_word' id='word_1_150' title='bbox 290 2336 419 2396; x_wconf 86' lang='lat' dir='ltr'>ferrent.</span> <span class='ocrx_word' id='word_1_151' title='bbox 471 2336 556 2407; x_wconf 83' lang='lat' dir='ltr'>Quae</span> <span class='ocrx_word' id='word_1_152' title='bbox 580 2336 634 2396; x_wconf 89' lang='lat' dir='ltr'>ubi</span> <span class='ocrx_word' id='word_1_153' title='bbox 659 2337 764 2395; x_wconf 90' lang='lat' dir='ltr'>omnia</span> <span class='ocrx_word' id='word_1_154' title='bbox 787 2336 871 2396; x_wconf 82' lang='lat' dir='ltr'>foras</span> <span class='ocrx_word' id='word_1_155' title='bbox 895 2354 987 2396; x_wconf 84' lang='lat' dir='ltr'>versa</span> <span class='ocrx_word' id='word_1_156' title='bbox 1007 2336 1089 2395; x_wconf 84' lang='lat' dir='ltr'>vidit</span> 
     </span>
     <span class='ocr_line' id='line_1_22' title="bbox 136 2432 1087 2510; baseline 0.001 -20"><span class='ocrx_word' id='word_1_157' title='bbox 136 2450 194 2491; x_wconf 90' lang='lat' dir='ltr'>nec</span> <span class='ocrx_word' id='word_1_158' title='bbox 221 2432 255 2491; x_wconf 87' lang='lat' dir='ltr'>in</span> <span class='ocrx_word' id='word_1_159' title='bbox 282 2438 403 2509; x_wconf 92' lang='lat' dir='ltr'>partem</span> <span class='ocrx_word' id='word_1_160' title='bbox 427 2432 522 2493; x_wconf 89' lang='lat' dir='ltr'>aliam</span> <span class='ocrx_word' id='word_1_161' title='bbox 546 2433 808 2508; x_wconf 79' lang='lat' dir='ltr'>ferre,confi1sus</span> <span class='ocrx_word' id='word_1_162' title='bbox 832 2438 926 2510; x_wconf 90' lang='lat' dir='ltr'>atque</span> <span class='ocrx_word' id='word_1_163' title='bbox 950 2433 1087 2493; x_wconf 88' lang='lat' dir='ltr'>incertus</span> 
     </span>
     <span class='ocr_line' id='line_1_23' title="bbox 136 2528 1086 2608; baseline -0.001 -20"><span class='ocrx_word' id='word_1_164' title='bbox 136 2528 234 2588; x_wconf 86' lang='lat' dir='ltr'>animi</span> <span class='ocrx_word' id='word_1_165' title='bbox 258 2529 383 2589; x_wconf 77' lang='lat' dir='ltr'>cnloco</span> <span class='ocrx_word' id='word_1_166' title='bbox 404 2529 521 2590; x_wconf 81' lang='lat' dir='ltr'>infesto</span> <span class='ocrx_word' id='word_1_167' title='bbox 538 2549 629 2607; x_wconf 87' lang='lat' dir='ltr'>agere</span> <span class='ocrx_word' id='word_1_168' title='bbox 650 2539 742 2608; x_wconf 82' lang='lat' dir='ltr'>porro</span> <span class='ocrx_word' id='word_1_169' title='bbox 754 2536 938 2590; x_wconf 85' lang='lat' dir='ltr'>armentum</span> <span class='ocrx_word' id='word_1_170' title='bbox 957 2529 1086 2607; x_wconf 84' lang='lat' dir='ltr'>occepit.</span> 
     </span>
     <span class='ocr_line' id='line_1_24' title="bbox 136 2625 1123 2704; baseline 0.002 -20"><span class='ocrx_word' id='word_1_171' title='bbox 136 2626 216 2694; x_wconf 81' lang='lat' dir='ltr'>Inde</span> <span class='ocrx_word' id='word_1_172' title='bbox 232 2645 302 2685; x_wconf 90' lang='lat' dir='ltr'>cum</span> <span class='ocrx_word' id='word_1_173' title='bbox 319 2632 406 2685; x_wconf 85' lang='lat' dir='ltr'>actae</span> <span class='ocrx_word' id='word_1_174' title='bbox 425 2626 520 2687; x_wconf 79' lang='lat' dir='ltr'>boves</span> <span class='ocrx_word' id='word_1_175' title='bbox 541 2628 694 2704; x_wconf 84' lang='lat' dir='ltr'>quaedam</span> <span class='ocrx_word' id='word_1_176' title='bbox 714 2627 754 2686; x_wconf 93' lang='lat' dir='ltr'>ad</span> <span class='ocrx_word' id='word_1_177' title='bbox 772 2625 970 2702; x_wconf 83' lang='lat' dir='ltr'>desiderium,</span> <span class='ocrx_word' id='word_1_178' title='bbox 988 2632 1024 2686; x_wconf 89' lang='lat' dir='ltr'>ut</span> <span class='ocrx_word' id='word_1_179' title='bbox 1040 2627 1086 2701; x_wconf 93' lang='lat' dir='ltr'>fit,</span> <span class='ocrx_word' id='word_1_180' title='bbox 1109 2641 1123 2686; x_wconf 82' lang='grc'><strong>7</strong></span> 
     </span>
     <span class='ocr_line' id='line_1_25' title="bbox 136 2722 1088 2802; baseline 0.002 -21"><span class='ocrx_word' id='word_1_181' title='bbox 136 2722 315 2782; x_wconf 82' lang='lat' dir='ltr'>relictarum</span> <span class='ocrx_word' id='word_1_182' title='bbox 330 2730 512 2801; x_wconf 83' lang='lat' dir='ltr'>mugissent,</span> <span class='ocrx_word' id='word_1_183' title='bbox 528 2725 651 2785; x_wconf 90' lang='lat' dir='ltr'>reddita</span> <span class='ocrx_word' id='word_1_184' title='bbox 667 2724 859 2784; x_wconf 74' lang='lat' dir='ltr'>incldsarum</span> <span class='ocrx_word' id='word_1_185' title='bbox 878 2742 917 2783; x_wconf 84' lang='lat' dir='ltr'>ex</span> <span class='ocrx_word' id='word_1_186' title='bbox 938 2723 1088 2802; x_wconf 79' lang='lat' dir='ltr'>spelunca</span> 
     </span>
     <span class='ocr_line' id='line_1_26' title="bbox 135 2819 1086 2914; baseline -0.001 -35"><span class='ocrx_word' id='word_1_187' title='bbox 135 2819 228 2879; x_wconf 92' lang='lat' dir='ltr'>boum</span> <span class='ocrx_word' id='word_1_188' title='bbox 242 2830 304 2880; x_wconf 84' lang='lat' dir='ltr'>vox</span> <span class='ocrx_word' id='word_1_189' title='bbox 318 2822 488 2881; x_wconf 89' lang='lat' dir='ltr'>Herculem</span> <span class='ocrx_word' id='word_1_190' title='bbox 505 2822 668 2881; x_wconf 88' lang='lat' dir='ltr'>convertit.</span> <span class='ocrx_word' id='word_1_191' title='bbox 712 2821 810 2891; x_wconf 78' lang='lat' dir='ltr'>Quem</span> <span class='ocrx_word' id='word_1_192' title='bbox 827 2839 898 2880; x_wconf 89' lang='lat' dir='ltr'>cum</span> <span class='ocrx_word' id='word_1_193' title='bbox 920 2822 1086 2914; x_wconf 80' lang='lat' dir='ltr'>vadentem</span> 
     </span>
    </p>
   </div>
   <div class='ocr_carea' id='block_1_3' title="bbox 132 2999 1136 3602">
    <p class='ocr_par' dir='ltr' id='par_1_4' title="bbox 132 2999 1136 3602">
     <span class='ocr_line' id='line_1_27' title="bbox 135 2999 1135 3060; baseline 0.003 -14"><span class='ocrx_word' id='word_1_194' title='bbox 135 3002 156 3046; x_wconf 85' lang='lat'>3.</span> <span class='ocrx_word' id='word_1_195' title='bbox 172 2999 293 3049; x_wconf 74' lang='lat' dir='ltr'>Albano.</span> <span class='ocrx_word' id='word_1_196' title='bbox 308 3036 313 3047; x_wconf 94' lang='lat'>.</span> <span class='ocrx_word' id='word_1_197' title='bbox 327 3037 332 3047; x_wconf 94' lang='lat'>.</span> <span class='ocrx_word' id='word_1_198' title='bbox 344 3001 456 3049; x_wconf 72' lang='lat' dir='ltr'>Graecd:</span> <span class='ocrx_word' id='word_1_199' title='bbox 473 3005 514 3049; x_wconf 76' lang='lat' dir='ltr'>io.</span> <span class='ocrx_word' id='word_1_200' title='bbox 523 3004 586 3051; x_wconf 87' lang='lat' dir='ltr'>with</span> <span class='ocrx_word' id='word_1_201' title='bbox 594 3003 701 3049; x_wconf 87' lang='lat' dir='ltr'>covered</span> <span class='ocrx_word' id='word_1_202' title='bbox 712 3002 764 3049; x_wconf 89' lang='lat' dir='ltr'>and</span> <span class='ocrx_word' id='word_1_203' title='bbox 774 3002 918 3049; x_wconf 80' lang='lat' dir='ltr'>uncovered</span> <span class='ocrx_word' id='word_1_204' title='bbox 927 3001 1001 3048; x_wconf 82' lang='lat' dir='ltr'>head.</span> <span class='ocrx_word' id='word_1_205' title='bbox 1031 3004 1053 3047; x_wconf 88' lang='lat'>4.</span> <span class='ocrx_word' id='word_1_206' title='bbox 1068 3004 1135 3060; x_wconf 69' lang='lat' dir='ltr'>qul:</span> 
     </span>
     <span class='ocr_line' id='line_1_28' title="bbox 134 3067 1136 3130; baseline 0.001 -15"><span class='ocrx_word' id='word_1_207' title='bbox 134 3070 162 3115; x_wconf 88' lang='lat' dir='ltr'>in</span> <span class='ocrx_word' id='word_1_208' title='bbox 173 3070 216 3116; x_wconf 89' lang='lat' dir='ltr'>the</span> <span class='ocrx_word' id='word_1_209' title='bbox 226 3070 298 3130; x_wconf 77' lang='lat' dir='ltr'>place</span> <span class='ocrx_word' id='word_1_210' title='bbox 309 3075 336 3116; x_wconf 90' lang='lat' dir='ltr'>to</span> <span class='ocrx_word' id='word_1_211' title='bbox 346 3072 430 3117; x_wconf 89' lang='lat' dir='ltr'>which</span> <span class='ocrx_word' id='word_1_212' title='bbox 440 3072 471 3118; x_wconf 89' lang='lat' dir='ltr'>he</span> <span class='ocrx_word' id='word_1_213' title='bbox 482 3072 532 3118; x_wconf 87' lang='lat' dir='ltr'>had</span> <span class='ocrx_word' id='word_1_214' title='bbox 543 3085 622 3118; x_wconf 88' lang='lat' dir='ltr'>come.</span> <span class='ocrx_word' id='word_1_215' title='bbox 630 3069 752 3117; x_wconf 73' lang='lat' dir='ltr'>—lactdz</span> <span class='ocrx_word' id='word_1_216' title='bbox 768 3070 905 3117; x_wconf 71' lang='lat' dir='ltr'>rich—ot</span> <span class='ocrx_word' id='word_1_217' title='bbox 914 3068 947 3116; x_wconf 87' lang='lat' dir='ltr'>i.:</span> <span class='ocrx_word' id='word_1_218' title='bbox 963 3067 995 3116; x_wconf 86' lang='lat' dir='ltr'>hc</span> <span class='ocrx_word' id='word_1_219' title='bbox 1005 3082 1059 3115; x_wconf 85' lang='lat' dir='ltr'>was</span> <span class='ocrx_word' id='word_1_220' title='bbox 1069 3070 1136 3116; x_wconf 85' lang='lat' dir='ltr'>tired</span> 
     </span>
     <span class='ocr_line' id='line_1_29' title="bbox 135 3138 1135 3197; baseline 0 -14"><span class='ocrx_word' id='word_1_221' title='bbox 135 3150 164 3184; x_wconf 90' lang='lat' dir='ltr'>as</span> <span class='ocrx_word' id='word_1_222' title='bbox 179 3138 238 3185; x_wconf 87' lang='lat' dir='ltr'>well</span> <span class='ocrx_word' id='word_1_223' title='bbox 255 3151 284 3184; x_wconf 89' lang='lat' dir='ltr'>as</span> <span class='ocrx_word' id='word_1_224' title='bbox 302 3140 345 3186; x_wconf 88' lang='lat' dir='ltr'>the</span> <span class='ocrx_word' id='word_1_225' title='bbox 363 3140 449 3186; x_wconf 86' lang='lat' dir='ltr'>cattle.</span> <span class='ocrx_word' id='word_1_226' title='bbox 480 3141 502 3185; x_wconf 88' lang='lat'>5.</span> <span class='ocrx_word' id='word_1_227' title='bbox 523 3138 615 3187; x_wconf 75' lang='lat' dir='ltr'>ierdx:</span> <span class='ocrx_word' id='word_1_228' title='bbox 634 3141 767 3197; x_wconf 77' lang='lat' dir='ltr'>confident.</span> <span class='ocrx_word' id='word_1_229' title='bbox 797 3138 888 3195; x_wconf 82' lang='lat' dir='ltr'>Cacus,</span> <span class='ocrx_word' id='word_1_230' title='bbox 904 3139 948 3184; x_wconf 90' lang='lat' dir='ltr'>thc</span> <span class='ocrx_word' id='word_1_231' title='bbox 966 3138 1016 3184; x_wconf 91' lang='lat' dir='ltr'>bad</span> <span class='ocrx_word' id='word_1_232' title='bbox 1035 3138 1135 3194; x_wconf 89' lang='lat' dir='ltr'>robber,</span> 
     </span>
     <span class='ocr_line' id='line_1_30' title="bbox 134 3205 1134 3264; baseline 0 -12"><span class='ocrx_word' id='word_1_233' title='bbox 134 3205 203 3252; x_wconf 83' lang='lat' dir='ltr'>lived</span> <span class='ocrx_word' id='word_1_234' title='bbox 213 3207 240 3252; x_wconf 92' lang='lat' dir='ltr'>in</span> <span class='ocrx_word' id='word_1_235' title='bbox 251 3220 266 3253; x_wconf 88' lang='lat' dir='ltr'>a</span> <span class='ocrx_word' id='word_1_236' title='bbox 277 3220 339 3253; x_wconf 86' lang='lat' dir='ltr'>cave</span> <span class='ocrx_word' id='word_1_237' title='bbox 350 3207 377 3252; x_wconf 91' lang='lat' dir='ltr'>in</span> <span class='ocrx_word' id='word_1_238' title='bbox 388 3208 432 3254; x_wconf 86' lang='lat' dir='ltr'>the</span> <span class='ocrx_word' id='word_1_239' title='bbox 443 3208 578 3263; x_wconf 83' lang='lat' dir='ltr'>Aventina,</span> <span class='ocrx_word' id='word_1_240' title='bbox 590 3220 618 3253; x_wconf 91' lang='lat' dir='ltr'>as</span> <span class='ocrx_word' id='word_1_241' title='bbox 630 3208 750 3254; x_wconf 86' lang='lat' dir='ltr'>Evander</span> <span class='ocrx_word' id='word_1_242' title='bbox 760 3219 793 3253; x_wconf 92' lang='lat' dir='ltr'>cn</span> <span class='ocrx_word' id='word_1_243' title='bbox 803 3208 846 3253; x_wconf 88' lang='lat' dir='ltr'>the</span> <span class='ocrx_word' id='word_1_244' title='bbox 857 3207 981 3253; x_wconf 82' lang='lat' dir='ltr'>Palatina.</span> <span class='ocrx_word' id='word_1_245' title='bbox 988 3216 1084 3252; x_wconf 79' lang='lat' dir='ltr'>—eam</span> <span class='ocrx_word' id='word_1_246' title='bbox 1094 3217 1134 3264; x_wconf 75' lang='lat' dir='ltr'>p:</span> 
     </span>
     <span class='ocr_line' id='line_1_31' title="bbox 135 3273 1136 3335; baseline -0.003 -12"><span class='ocrx_word' id='word_1_247' title='bbox 135 3277 204 3324; x_wconf 83' lang='lat' dir='ltr'>them</span> <span class='ocrx_word' id='word_1_248' title='bbox 225 3290 254 3324; x_wconf 80' lang='lat' dir='ltr'>aa</span> <span class='ocrx_word' id='word_1_249' title='bbox 270 3278 400 3335; x_wconf 55' lang='lat' dir='ltr'>plaudam</span> <span class='ocrx_word' id='word_1_250' title='bbox 422 3291 437 3324; x_wconf 93' lang='lat' dir='ltr'>a</span> <span class='ocrx_word' id='word_1_251' title='bbox 457 3290 573 3325; x_wconf 92' lang='lat' dir='ltr'>common</span> <span class='ocrx_word' id='word_1_252' title='bbox 593 3273 933 3323; x_wconf 65' lang='lat' dir='ltr'>attraction-ddductt&#39;ira</span> <span class='ocrx_word' id='word_1_253' title='bbox 953 3277 1045 3322; x_wconf 78' lang='lat' dir='ltr'>erant:</span> <span class='ocrx_word' id='word_1_254' title='bbox 1067 3279 1136 3321; x_wconf 81' lang='lat' dir='ltr'>must</span> 
     </span>
     <span class='ocr_line' id='line_1_32' title="bbox 134 3343 1136 3406; baseline -0.003 -15"><span class='ocrx_word' id='word_1_255' title='bbox 134 3346 198 3391; x_wconf 82' lang='lat' dir='ltr'>have</span> <span class='ocrx_word' id='word_1_256' title='bbox 210 3346 443 3406; x_wconf 75' lang='lat' dir='ltr'>led—quemque:</span> <span class='ocrx_word' id='word_1_257' title='bbox 460 3346 588 3393; x_wconf 83' lang='lat' dir='ltr'>attracted</span> <span class='ocrx_word' id='word_1_258' title='bbox 598 3349 625 3391; x_wconf 90' lang='lat' dir='ltr'>tc</span> <span class='ocrx_word' id='word_1_259' title='bbox 641 3346 684 3391; x_wconf 89' lang='lat' dir='ltr'>the</span> <span class='ocrx_word' id='word_1_260' title='bbox 700 3344 754 3403; x_wconf 83' lang='lat' dir='ltr'>adj.</span> <span class='ocrx_word' id='word_1_261' title='bbox 766 3357 794 3391; x_wconf 86' lang='lat' dir='ltr'>as</span> <span class='ocrx_word' id='word_1_262' title='bbox 810 3344 941 3402; x_wconf 82' lang='lat' dir='ltr'>regularly</span> <span class='ocrx_word' id='word_1_263' title='bbox 951 3348 978 3389; x_wconf 92' lang='lat' dir='ltr'>to</span> <span class='ocrx_word' id='word_1_264' title='bbox 993 3356 1009 3389; x_wconf 90' lang='lat' dir='ltr'>a</span> <span class='ocrx_word' id='word_1_265' title='bbox 1024 3343 1136 3401; x_wconf 86' lang='lat' dir='ltr'>superla-</span> 
     </span>
     <span class='ocr_line' id='line_1_33' title="bbox 134 3409 1136 3471; baseline -0.003 -12"><span class='ocrx_word' id='word_1_266' title='bbox 134 3414 201 3470; x_wconf 81' lang='lat' dir='ltr'>tive3</span> <span class='ocrx_word' id='word_1_267' title='bbox 217 3415 247 3461; x_wconf 79' lang='lat' dir='ltr'>lte</span> <span class='ocrx_word' id='word_1_268' title='bbox 256 3416 339 3461; x_wconf 83' lang='lat' dir='ltr'>seized</span> <span class='ocrx_word' id='word_1_269' title='bbox 350 3415 389 3461; x_wconf 79' lang='lat' dir='ltr'>tlte</span> <span class='ocrx_word' id='word_1_270' title='bbox 398 3420 463 3461; x_wconf 83' lang='lat' dir='ltr'>most</span> <span class='ocrx_word' id='word_1_271' title='bbox 474 3413 602 3471; x_wconf 67' lang='lat' dir='ltr'>beautiful</span> <span class='ocrx_word' id='word_1_272' title='bbox 613 3414 666 3459; x_wconf 82' lang='lat' dir='ltr'>aad</span> <span class='ocrx_word' id='word_1_273' title='bbox 676 3413 752 3458; x_wconf 77' lang='lat' dir='ltr'>drew.</span> <span class='ocrx_word' id='word_1_274' title='bbox 782 3413 805 3457; x_wconf 90' lang='lat'>6.</span> <span class='ocrx_word' id='word_1_275' title='bbox 827 3409 870 3458; x_wconf 80' lang='lat' dir='ltr'>ad.</span> <span class='ocrx_word' id='word_1_276' title='bbox 881 3422 908 3469; x_wconf 83' lang='lat' dir='ltr'>p.</span> <span class='ocrx_word' id='word_1_277' title='bbox 920 3422 959 3458; x_wconf 67' lang='lat' dir='ltr'>a:</span> <span class='ocrx_word' id='word_1_278' title='bbox 976 3411 1136 3469; x_wconf 75' lang='lat' dir='ltr'>poeticalmr</span> 
     </span>
     <span class='ocr_line' id='line_1_34' title="bbox 132 3479 1135 3540; baseline -0.003 -13"><span class='ocrx_word' id='word_1_279' title='bbox 132 3482 219 3540; x_wconf 68' lang='lat' dir='ltr'>primii</span> <span class='ocrx_word' id='word_1_280' title='bbox 230 3482 370 3528; x_wconf 69' lang='lat' dir='ltr'>laica—si:</span> <span class='ocrx_word' id='word_1_281' title='bbox 388 3488 412 3528; x_wconf 82' lang='lat' dir='ltr'>to</span> <span class='ocrx_word' id='word_1_282' title='bbox 423 3496 462 3528; x_wconf 85' lang='lat' dir='ltr'>see</span> <span class='ocrx_word' id='word_1_283' title='bbox 473 3482 504 3539; x_wconf 72' lang='lat' dir='ltr'>is.</span> <span class='ocrx_word' id='word_1_284' title='bbox 534 3483 557 3528; x_wconf 82' lang='lat'>⁷.</span> <span class='ocrx_word' id='word_1_285' title='bbox 579 3479 621 3527; x_wconf 79' lang='lat' dir='ltr'>ad.</span> <span class='ocrx_word' id='word_1_286' title='bbox 633 3479 658 3527; x_wconf 88' lang='lat' dir='ltr'>d.</span> <span class='ocrx_word' id='word_1_287' title='bbox 670 3479 743 3526; x_wconf 78' lang='lat' dir='ltr'>u.1.:</span> <span class='ocrx_word' id='word_1_288' title='bbox 761 3480 880 3537; x_wconf 73' lang='lat' dir='ltr'>missing,</span> <span class='ocrx_word' id='word_1_289' title='bbox 892 3492 921 3525; x_wconf 81' lang='lat' dir='ltr'>as</span> <span class='ocrx_word' id='word_1_290' title='bbox 936 3480 959 3525; x_wconf 84' lang='lat' dir='ltr'>is</span> <span class='ocrx_word' id='word_1_291' title='bbox 975 3492 1135 3525; x_wconf 82' lang='lat' dir='ltr'>common.-</span> 
     </span>
     <span class='ocr_line' id='line_1_35' title="bbox 133 3547 943 3602; baseline -0.002 -7"><span class='ocrx_word' id='word_1_292' title='bbox 133 3547 242 3596; x_wconf 76' lang='lat' dir='ltr'>reddita</span> <span class='ocrx_word' id='word_1_293' title='bbox 254 3584 259 3595; x_wconf 89' lang='lat'>.</span> <span class='ocrx_word' id='word_1_294' title='bbox 273 3584 278 3595; x_wconf 94' lang='lat'>.</span> <span class='ocrx_word' id='word_1_295' title='bbox 292 3584 297 3595; x_wconf 94' lang='lat'>.</span> <span class='ocrx_word' id='word_1_296' title='bbox 309 3551 375 3598; x_wconf 74' lang='lat' dir='ltr'>vox:</span> <span class='ocrx_word' id='word_1_297' title='bbox 392 3551 420 3595; x_wconf 93' lang='lat' dir='ltr'>L.</span> <span class='ocrx_word' id='word_1_298' title='bbox 432 3550 454 3597; x_wconf 88' lang='lat' dir='ltr'>is</span> <span class='ocrx_word' id='word_1_299' title='bbox 464 3550 527 3597; x_wconf 81' lang='lat' dir='ltr'>iond</span> <span class='ocrx_word' id='word_1_300' title='bbox 537 3550 564 3596; x_wconf 82' lang='lat' dir='ltr'>oi</span> <span class='ocrx_word' id='word_1_301' title='bbox 574 3549 695 3597; x_wconf 87' lang='lat' dir='ltr'>involved</span> <span class='ocrx_word' id='word_1_302' title='bbox 705 3549 794 3602; x_wconf 88' lang='lat' dir='ltr'>order;</span> <span class='ocrx_word' id='word_1_303' title='bbox 810 3548 844 3595; x_wconf 88' lang='lat' dir='ltr'>ci.</span> <span class='ocrx_word' id='word_1_304' title='bbox 856 3562 878 3594; x_wconf 89' lang='lat' dir='ltr'>c.</span> <span class='ocrx_word' id='word_1_305' title='bbox 889 3550 911 3594; x_wconf 88' lang='grc'>4.</span> <span class='ocrx_word' id='word_1_306' title='bbox 921 3549 943 3594; x_wconf 88' lang='grc'>6.</span> 
     </span>
    </p>
   </div>
   <div class='ocr_carea' id='block_1_4' title="bbox 0 0 1422 4117">
    <p class='ocr_par' dir='ltr' id='par_1_5' title="bbox 0 0 1422 4117">
     <span class='ocr_line' id='line_1_36' title="bbox 0 0 1422 4117; baseline 0 2"><span class='ocrx_word' id='word_1_307' title='bbox 0 0 1422 4117; x_wconf 95' lang='lat' dir='ltr'> </span> 
     </span>
    </p>
   </div>
  </div>
 </body>
</html>
