2834 4117
659 350 734 399 ΤΙΤΙ
757 350 836 399 LIVI

334 528 381 585 12.
411 528 551 586 Tenuere
564 531 670 586 tamen
684 546 787 587 arcem
803 526 919 602 Sabini,
932 532 1025 605 atque
1038 527 1110 587 inde
1121 534 1246 605 postero

294 624 354 699 die,
383 643 453 684 cum
481 624 641 683 Romanus
669 624 824 684 exercitus
852 630 1025 684 instructus
1053 626 1136 702 quod
1163 626 1246 684 inter

294 720 474 781 Palatinum
495 721 771 798 Capitelmumque
792 721 903 780 collem
918 731 1021 799 campi
1035 727 1083 780 est
1097 723 1247 799 comples-

294 824 350 892 set,
373 827 436 877 non
456 818 543 895 prius
565 818 792 877 descenderunt
813 819 854 897 in
867 837 1010 895 aequum,
1031 836 1124 895 quam
1146 828 1194 877 ire
1213 824 1247 878 et

294 915 467 991 cupiditate
495 900 830 991 recuperandae'arcis
852 915 1034 975 stimulante
1062 915 1184 975 animos
1212 916 1246 973 in

258 1027 273 1070 2
294 1013 457 1071 adversum
484 1013 620 1071 Romani
641 1012 773 1071 subiere.
826 1012 990 1089 Principes
1011 1012 1170 1089 utrimque
1192 1022 1247 1089 pir-

295 1128 387 1183 gnam
402 1108 534 1184 ciebant,
546 1108 585 1168 ab
601 1108 725 1168 Sabinis
740 1110 872 1169 Mettius
887 1094 1024 1183 Curtius„
1039 1109 1079 1168 ab
1093 1110 1245 1169 Romanis

294 1206 428 1265 Hostius
443 1205 610 1265 Hostilius.
654 1206 717 1264 Hic
731 1224 797 1265 rem
811 1206 985 1265 Romanam
1000 1206 1108 1282 inique
1123 1206 1190 1265 loco
1204 1206 1246 1265 ad

258 1310 396 1379 sprima
423 1312 513 1378 signa
542 1302 647 1362 animo
675 1307 770 1379 atque
798 1303 929 1362 audacie
956 1302 1140 1362 sustinebat.
1196 1305 1245 1363 Ut

294 1399 427 1458 Hostius
452 1399 574 1474 cecidit,
598 1399 766 1459 confestim
791 1400 934 1459 Romena
958 1398 1129 1459 inclinetur
1150 1399 1242 1474 acieS,

257 1496 426 1573 4fi1saque
448 1501 495 1555 est
509 1496 549 1554 ad
563 1501 701 1555 veterem
723 1501 845 1573 portam
868 1495 993 1556 Palatii.
1036 1496 1190 1555 Remulus
1212 1503 1245 1556 ct

294 1593 361 1669 ipse
375 1592 467 1652 turbe
481 1592 671 1667 fugientium
693 1598 791 1667 actus
807 1610 893 1652 arma
914 1593 955 1652 ad
975 1592 1096 1652 caelum
1118 1593 1243 1667 tollens,

295 1694 313 1725 “
321 1689 473 1767 Iuppiter,
489 1690 582 1764 tuis,’'
604 1689 718 1766 inquit,
741 1689 872 1767 “iussus
894 1689 1005 1749 avibus
1025 1690 1078 1749 hio
1100 1689 1134 1747 in
1156 1689 1245 1748 Pale·

257 1786 339 1844 etio
360 1795 461 1862 prima
481 1785 551 1844 urbi
571 1785 778 1845 fundamenta
799 1786 866 1845 ieci.
908 1784 1023 1845 Arcem
1044 1785 1106 1845 iam
1129 1785 1244 1845 scelere

293 1887 430 1958 emptam
459 1881 568 1941 Sabini
599 1881 730 1958 habent,
766 1882 840 1941 inde
867 1882 928 1941 hric
956 1887 1070 1941 armati
1097 1889 1244 1958 supersita

292 1978 396 2037 medie
408 1978 492 2037 valle
505 1978 648 2037 tendunt.
691 1978 737 2038 At
747 1984 791 2053 tu,
804 1984 893 2055 pater
905 1979 997 2037 deum
1008 1979 1241 2055 hominumque,

292 2075 365 2133 hinc
387 2074 498 2133 saltem
519 2084 588 2133 arce
610 2073 726 2148 hosteS,
742 2074 830 2133 deme
852 2080 1003 2135 terrorem
1025 2076 1176 2135 Romanis
1197 2076 1244 2133 fu-

256 2184 271 2228 6
293 2190 425 2248 gamque
439 2171 564 2230 foedam
580 2171 665 2230 siste.
708 2170 778 2229 Hic.
792 2188 849 2245 ego
870 2171 929 2230 tihi
951 2170 1102 2248 templum
1126 2170 1243 2231 Statori

293 2269 371 2343 Iovi,
388 2268 471 2345 qnod
484 2273 719 2326 monumentum
734 2267 778 2326 sit
791 2272 923 2345 posteris
937 2273 993 2327 tue
1013 2273 1172 2344 praesenti
1185 2286 1243 2344 ope

256 2375 270 2420 τ
293 2370 449 2424 servatam
463 2365 571 2423 urbem
587 2382 664 2438 esse,
675 2364 803 2423 voveo.'’
845 2364 933 2423 Haec
948 2369 1101 2440 precatus,
1114 2363 1201 2422 velut
1215 2372 1244 2422 si

293 2462 442 2521 sensisset
470 2460 593 2519 auditas
621 2470 738 2537 preces
764 2460 904 2535 “Hine’'
933 2460 1045 2537 inquit,
1071 2446 1269 2534 “Romeni,'

291 2558 436 2635 Iuppiter
451 2557 587 2634 optimus
602 2557 758 2615 maximus
772 2556 918 2616 resistere
940 2562 1034 2634 atque
1055 2556 1169 2615 iterere
1189 2566 1243 2633 pri-

292 2674 384 2731 gnam
397 2654 511 2715 iubet.''
541 2652 700 2713 Restitere
711 2654 847 2712 Romani
857 2658 1017 2729 tamquam
1029 2652 1156 2711 caelesti
1168 2662 1242 2711 voce

256 2752 386 2826 8inssi;
415 2751 482 2827 ipse
503 2750 544 2808 ad
564 2758 716 2826 primores
737 2749 890 2809 Romulus
915 2748 1066 2826 provolat.
1109 2749 1242 2808 Mettius

292 2848 419 2908 Curtius
440 2847 479 2906 ab
499 2846 622 2906 Sabinis
644 2855 790 2923 princeps
811 2845 851 2905 ab
872 2863 941 2904 arce
963 2846 1189 2920 decucurrerat,
1211 2850 1243 2903 et

281 3028 323 3075 1a.
345 3030 366 3074 1.
387 3030 492 3075 tamen:
512 3029 625 3075 however
642 3029 699 3075 thot
716 3042 778 3085 may
796 3028 832 3083 be,
850 3028 994 3074 whichever
1011 3032 1084 3086 story
1101 3028 1123 3073 is
1140 3033 1243 3074 true.-

240 3094 311 3154 quod
328 3130 334 3142 .
353 3130 358 3141 .
377 3130 382 3143 .
399 3098 454 3143 est:
476 3097 519 3142 tho
534 3097 584 3143 low
601 3097 701 3154 ground
719 3096 858 3141 afterward
878 3096 999 3153 occupied
1019 3096 1046 3140 in
1066 3099 1124 3153 part
1144 3096 1179 3153 by
1199 3097 1242 3141 the

241 3161 534 3211 iorum-sdversum:
558 3178 593 3211 so.
613 3170 734 3210 montem.
764 3165 787 3208 2.
805 3162 955 3221 Principes:
979 3168 1006 3209 ot
1025 3164 1065 3209 the
1081 3164 1147 3209 head
1162 3165 1197 3219 os,
1213 3164 1243 3209 in

241 3234 354 3278 advenae
365 3233 400 3288 of,
412 3246 440 3278 as
451 3233 478 3277 in
490 3231 502 3288 ξ
513 3230 624 3278 8.—s.b:
641 3245 675 3277 on
690 3232 731 3277 the
746 3233 800 3278 side
815 3233 850 3287 of.
881 3232 987 3277 Hostius
998 3231 1126 3277 Hostilius
1135 3244 1189 3277 was
1198 3232 1242 3276 the

241 3301 410 3357 grandfather
420 3300 448 3346 of
461 3301 504 3346 the
514 3300 581 3346 later
590 3300 662 3358 king,
674 3300 764 3346 Tullus
774 3296 1077 3345 Hostilius—audicie:
1094 3299 1179 3344 modal
1190 3299 1241 3344 ahl.

241 3368 373 3425 following
390 3369 486 3413 unioni.
526 3369 548 3413 3.
569 3368 689 3413 veterem
709 3377 750 3424 με
774 3368 818 3413 the
836 3372 911 3423 porto
928 3366 1065 3423 diripiente,
1084 3380 1132 3412 one
1152 3366 1180 3411 oi
1198 3367 1242 3412 the

205 3460 210 3471 κ
240 3437 312 3482 three
323 3440 396 3493 gates
411 3436 438 3480 oi
453 3436 497 3481 the
513 3436 650 3490 Palatium,
663 3448 695 3480 on
706 3437 750 3480 the
761 3435 940 3481 northeastern
950 3434 1013 3480 side.
1043 3436 1066 3478 6.
1088 3432 1190 3479 Statori
1203 3432 1239 3479 1.:

241 3504 315 3549 ordor
326 3504 445 3549 reversed
455 3504 497 3549 lor
507 3503 644 3561 emphasis.
675 3503 729 3549 The
739 3503 834 3560 temple
844 3515 897 3549 was
908 3508 953 3548 not
964 3502 1030 3547 built
1041 3501 1081 3546 till
1092 3503 1136 3546 294
1146 3513 1198 3546 nc.
1208 3502 1243 3559 by

241 3572 275 3616 M.
292 3570 396 3616 Atilius.
427 3572 465 3617 Its
482 3571 670 3617 substructione
686 3571 753 3616 have
771 3571 797 3615 in
816 3575 903 3616 recent
920 3582 995 3627 years
1009 3570 1073 3615 heen
1089 3569 1241 3614 nncovered.
