2834 4117
233 314 276 378 96
649 321 726 371 ‘rm
747 320 827 371 nnn

234 511 262 555 11
283 504 351 557 turn
367 502 506 573 spectata
520 495 648 556 castitas
663 495 783 555 incitat.
826 496 869 555 Et
889 500 958 554 tum
978 494 1106 571 quidem
1126 494 1166 555 ab
1184 513 1237 554 no-

284 599 394 653 cturna
408 581 547 652 iuvenali
561 591 635 652 luda
649 592 684 650 in
697 597 800 651 castra
813 592 953 651 redeunt.

324 691 371 749 58.
400 691 514 749 Paucis
529 689 702 747 interiectis
717 688 828 748 diebus
843 687 912 748 Sex.
928 687 1119 764 Tarquinius
1136 688 1237 749 inscia

248 800 263 846 2
284 786 451 847 Conlatino
472 804 542 844 cum
563 785 676 845 comite
696 794 760 844 ana
777 784 953 846 Conlatiam
967 785 1063 844 venit.
1106 785 1172 847 Ubi
1187 803 1238 845 ex-

284 888 393 960 ceptus
408 883 540 957 benigne
555 881 594 941 ab
609 880 726 956 ignaris
743 881 869 941 cansilii
889 899 959 940 curn
980 887 1052 958 post
1073 890 1181 941 cenam
1203 882 1237 941 in

284 978 440 1056 hospitale
468 976 645 1037 cubiculum
673 978 825 1037 deductus
856 983 949 1052 esset,
977 987 1082 1037 amare
1112 978 1236 1053 ardens,

285 1082 450 1153 postquam
466 1075 542 1134 satis
556 1079 628 1134 tuta
641 1074 724 1135 cirea
739 1079 898 1151 sopitique
918 1083 1024 1134 omnes
1038 1074 1235 1150 videbantur,

285 1173 394 1232 stricta
419 1170 523 1247 gladio
547 1171 588 1231 ad
613 1170 819 1230 dormientem
844 1170 1023 1230 Lucretiam
1043 1171 1141 1246 venit,
1164 1171 1236 1230 sini-

285 1275 411 1345 straque
421 1277 516 1328 manu
530 1266 670 1326 mulieris
685 1273 809 1344 pectore
824 1276 981 1343 oppressa,
993 1272 1011 1303 “
1020 1268 1111 1341 Tace,
1126 1268 1238 1332 Lucre

284 1366 358 1439 tia‚'’
374 1365 495 1441 inquit;
518 1369 536 1399 “
545 1364 616 1423 Sex.
632 1363 824 1440 Tarquinius
839 1382 925 1440 sum3
946 1363 1065 1423 ferrum
1088 1364 1122 1422 in
1142 1374 1237 1424 manti

248 1467 349 1537 eest3
378 1462 518 1535 moriere,
547 1470 575 1520 si
602 1460 743 1519 amiseris
770 1460 906 1520 vocem.”
948 1460 1027 1520 Cum
1054 1460 1170 1537 pavida
1197 1479 1236 1520 ex

285 1548 392 1618 s’omna
413 1557 526 1617 mulier
546 1555 667 1615 nullam
687 1574 787 1633 opem,
805 1574 901 1633 prope
922 1562 1054 1615 mortem
1076 1556 1238 1616 imminen-

284 1660 348 1715 tem
372 1654 502 1728 videret,
527 1659 595 1713 turn
622 1652 814 1730 Tarquinius
841 1653 938 1712 fateri
964 1662 1110 1728 amorem,
1138 1662 1235 1729 arare,

162 1830 163 1837 ἵ
285 1752 414 1811 miscere
429 1750 573 1828 precibus
587 1750 698 1824 minas,
713 1758 838 1809 vereare
852 1750 886 1808 in
900 1759 1007 1810 omnes
1020 1755 1127 1827 partes
1147 1749 1238 1809 muli-

248 1865 264 1910 4
285 1849 388 1909 ebrem
402 1848 549 1907 animum.
593 1846 659 1907 Ubi
679 1846 870 1905 obstinatam
884 1846 1013 1906 videbat
1027 1851 1059 1905 et
1072 1856 1112 1905 ne
1125 1846 1237 1906 mortis

285 1945 410 2021 quidem
426 1949 513 2003 metu
526 1942 682 2017 inclinari,
698 1942 788 2001 addit
801 1942 843 2002 ad
856 1948 975 2002 metum
992 1943 1142 2003 dedecus:
1165 1961 1236 2002 cum

284 2047 407 2101 mortua
427 2040 603 2116 iugulatum
621 2057 745 2099 servum
759 2039 878 2097 nudum
893 2039 1068 2117 positarum
1082 2039 1136 2114 ait,
1152 2046 1188 2099 ut
1202 2040 1237 2099 in

248 2137 411 2201 osordida
439 2136 593 2195 adulteria
621 2141 732 2194 necata
758 2136 889 2195 dicatur.
932 2136 999 2206 Qua
1026 2141 1144 2196 terrore
1165 2154 1235 2195 cum

284 2234 412 2293 vicisset
436 2233 625 2292 obstinatam
647 2231 833 2309 pudicitiam
854 2232 942 2291 velut
961 2241 996 2291 vi
1016 2238 1106 2293 atrox
1126 2232 1235 2307 libido,

284 2330 505 2407 profectusque
520 2328 594 2387 inde
609 2328 800 2405 Tarquinius
814 2328 905 2387 ferox
926 2334 1105 2405 expugnato
1125 2329 1235 2389 decore

275 2426 430 2489 ,muliebri
450 2430 541 2499 esset,
564 2424 712 2484 Lucretia
732 2430 852 2484 maesta
875 2430 965 2486 tanta
985 2425 1068 2485 malo
1089 2409 1235 2485 nantium

283 2523 416 2583 Romam
430 2522 563 2580 eundem
585 2522 625 2580 ad
645 2526 768 2597 patrem
781 2520 981 2599 Ardeamque
995 2523 1034 2582 ad
1049 2522 1153 2581 virum
1165 2522 1236 2581 mit·

283 2620 333 2694 tit,
347 2626 384 2678 ut
398 2638 469 2679 cum
483 2617 616 2693 singulis
630 2616 777 2689 fidelibus
793 2627 902 2677 amicis
916 2618 1062 2693 veniant3
1084 2618 1130 2678 ita
1150 2619 1236 2679 faeta

247 2721 501 2792 ematurataque
522 2732 599 2792 opus
620 2731 704 2789 esse3
735 2732 800 2773 rem
824 2719 960 2774 atrocem
982 2714 1137 2774 incidisse.
1181 2715 1233 2793 Sp.

283 2812 447 2873 Lucretius
461 2830 532 2871 cum
545 2812 581 2870 P.
596 2810 724 2872 Valeria
738 2810 847 2871 Volesi
860 2810 941 2885 filia,
957 2811 1142 2872 Conlatinus
1163 2830 1234 2871 curn
1267 2856 1271 2865 .

282 2910 317 2967 L.
336 2908 429 2969 Iunia
450 2909 549 2969 Bruta
563 2907 661 2981 venit,
676 2925 748 2966 cum
768 2916 831 2984 qua
851 2908 935 2967 forte
956 2908 1089 2967 Ramam
1110 2907 1235 2967 rediens

271 3132 313 3181 te,
334 3135 357 3179 2.
378 3131 536 3191 ebea=qui
552 3132 621 3179 circa
635 3136 726 3190 eruat;
742 3132 776 3178 cf,
792 3132 829 3178 22.
844 3133 883 3178 45.
899 3130 1058 3190 a-sipiti:
1067 3131 1126 3188 fast
1141 3131 1233 3189 eslcep.

231 3203 253 3249 3.
274 3204 398 3249 vereare:
415 3214 484 3248 sums
495 3214 530 3258 up
539 3201 583 3247 the
598 3201 743 3259 preceding,
754 3201 783 3246 ia
796 3200 875 3257 short,
886 3200 1016 3258 employed
1031 3201 1072 3246 tae
1084 3205 1235 3256 arctamenta

231 3276 296 3318 most
306 3271 417 3329 effective
426 3268 489 3315 with
500 3268 648 3316 awomca’e
659 3269 741 3315 mind.
771 3270 795 3314 4.
812 3270 928 3315 metum:
943 3268 971 3314 oi
980 3269 1233 3315 desta—servum:

230 3340 271 3387 hle
281 3339 360 3395 slave,
369 3339 413 3384 the
425 3338 514 3383 wentae
525 3336 574 3383 aaa
584 3338 611 3382 oi
622 3336 634 3393 ξ
646 3338 668 3382 1.
676 3334 833 3382 -eordidbt
847 3338 889 3382 ic.
900 3336 964 3382 with
975 3349 991 3382 a
1000 3336 1080 3391 slave,
1089 3348 1105 3381 a
1115 3335 1235 3382 sordidus

230 3407 311 3454 borno.
341 3408 365 3452 5.
383 3403 438 3459 Qud
448 3406 469 3450 t.
480 3424 503 3441 =
511 3404 584 3451 cilius
596 3408 633 3450 rei
645 3409 662 3449 i.
673 3417 682 3461 ‚·
698 3405 733 3450 ci.
744 3418 765 3449 c.
777 3405 814 3449 30.
825 3406 848 3449 4.
856 3402 970 3450 -velut
979 3404 1019 3449 vi:
1035 3404 1100 3449 with
1109 3404 1154 3450 the
1163 3408 1235 3450 same

230 3475 349 3523 resultas
360 3474 381 3520 if
396 3473 509 3519 violence
524 3472 575 3518 had
590 3473 654 3518 been
669 3469 860 3518 used-ferax
875 3481 930 3517 ex.:
947 3471 1106 3519 exultantia
1120 3472 1162 3518 aie
1177 3485 1236 3519 coc·

230 3548 303 3602 quaet
313 3542 348 3599 of,
356 3538 465 3587 -iaetd
482 3573 488 3586 .
504 3572 509 3585 .
525 3573 530 3585 .
545 3549 617 3586 esee:
634 3541 702 3586 there
713 3552 765 3585 was
775 3541 839 3586 need
848 3541 973 3597 esnatica
981 3540 1035 3586 aad
1044 3538 1102 3587 aar
1111 3538 1234 3598 epeediln,
