2834 4117
564 344 675 394 ninia
698 345 713 393 1
1098 336 1137 401 27

136 519 281 578 Romana
294 538 380 579 arma
394 520 537 579 omnibus
555 521 671 579 infesta
687 520 836 579 finitimis
854 525 966 593 essent,
982 518 1090 580 stimu-

136 615 232 675 labat.
268 616 308 674 In
321 616 405 675 fines
425 617 581 677 Ramanos
607 622 850 676 excucurrerunt
872 616 1089 694 populabundi

52 718 56 725 '
136 712 238 788 magis
265 732 359 789 quam
387 712 464 773 iristi
490 722 575 772 more
607 713 691 773 belii.
734 714 847 791 Itaque
881 722 945 774 non
978 719 1125 775 castrisa

139 808 259 885 positis,
280 819 344 869 nan
372 815 551 887 exspectato
572 810 711 869 hostium
732 810 880 884 exercitii,
902 816 1025 887 raptam
1050 830 1089 869 ex

138 914 222 979 agris
249 906 396 982 praedam
429 912 590 983 portantes
618 899 713 966 Veios
746 907 875 966 rediere.
927 908 1088 966 Romanus

137 1007 254 1077 contra,
270 1007 436 1080 postquam
452 1003 574 1063 hostem
588 1003 622 1061 in
637 1013 720 1079 agris
739 1013 802 1062 nen
820 1003 949 1077 invenit,
965 1004 1090 1063 dimica·

138 1098 218 1157 tioni
236 1098 366 1158 ultimae
388 1105 561 1160 instrdctus
581 1100 784 1178 intentusque
805 1100 944 1159 Tiberim
964 1100 1087 1160 transit.

138 1195 235 1265 Quem
247 1201 413 1273 postquam
427 1202 530 1256 castra
543 1206 657 1273 ponere
672 1202 703 1256 et
718 1197 758 1256 ad
771 1197 879 1256 urbem
894 1207 1089 1257 accessdrum
1111 1212 1125 1255 3

138 1291 286 1351 Veientes
307 1293 463 1368 audivere,
481 1294 603 1353 obviam
626 1303 751 1369 egressi,
771 1299 807 1353 ut
827 1294 932 1370 potius
954 1294 1019 1353 acie
1040 1294 1090 1353 de-

139 1394 300 1448 cernerent
327 1408 421 1467 quam
445 1390 559 1450 inclasi
584 1390 623 1449 da
645 1396 736 1451 tectis
758 1391 981 1467 moenibusque
1002 1391 1090 1450 dimi-

139 1490 253 1545 carent.
296 1486 347 1545 Ibi
361 1486 480 1546 viribus
495 1486 583 1546 nulla
597 1491 664 1547 arte
678 1487 796 1547 adicitis
810 1492 934 1562 tantum
948 1493 1090 1546 veterani
1111 1498 1126 1542 4

139 1583 248 1642 robore
276 1583 430 1643 exercitiis
459 1594 514 1643 rex
544 1586 704 1644 Romanus
732 1584 818 1659 vicit,
846 1590 1090 1661 persecatusque

139 1680 226 1739 frisos
242 1679 283 1739 ad
297 1680 419 1739 moenia
432 1681 538 1741 hostes
553 1682 628 1741 urbe
643 1681 750 1741 valida
763 1690 861 1741 muris
880 1700 916 1741 ac
937 1681 1001 1741 sita
1022 1681 1091 1758 ipso

139 1783 261 1836 mimita
290 1777 459 1854 abstinuit3
496 1788 585 1855 agros
621 1778 747 1838 rediens
781 1784 885 1838 vastat
919 1778 1091 1837 ulciscendi

139 1874 238 1950 magis
248 1893 342 1952 quarn
356 1875 489 1952 praedae
504 1875 617 1935 studio.
660 1876 770 1952 anue
784 1875 872 1935 clade
886 1874 972 1933 haud
986 1875 1090 1934 minus
1111 1889 1126 1932 5

140 1989 232 2047 quarn
248 1971 379 2031 adversa
393 1981 498 2049 pagna
517 1972 639 2031 subacti
656 1971 805 2031 Veientes
827 1981 935 2049 pacem
956 1977 1091 2047 petitum

140 2074 276 2127 aratores
304 2069 437 2127 Romam
465 2068 606 2128 mittunt.
658 2068 740 2145 Agri
767 2074 854 2145 parte
882 2068 1025 2128 multatis
1057 2068 1091 2127 in

139 2171 265 2227 centum.
286 2174 383 2225 annas
404 2165 546 2225 indutiae
568 2165 666 2224 datae.

179 2262 268 2321 Haec
276 2261 375 2321 ferma
387 2262 522 2321 Romule
534 2268 683 2337 regnante
694 2262 779 2321 domi
790 2261 984 2339 militiaeque
994 2267 1090 2337 gesta,
1112 2282 1127 2326 6

140 2368 271 2435 quorum
285 2358 367 2417 nihii
382 2359 532 2419 absonum
549 2358 623 2417 fidei
644 2360 771 2418 divinae
793 2358 924 2435 originis
946 2358 1092 2417 divinita

139 2456 244 2533 tisque
258 2460 329 2532 post
343 2461 475 2515 mortem
491 2455 626 2515 creditae
641 2456 713 2531 fuit,
728 2464 792 2514 non
806 2455 928 2515 animus
943 2454 978 2512 in
997 2464 1092 2529 regno

141 2558 225 2611 avito
236 2553 457 2630 recuperando,
470 2562 533 2611 non
546 2552 727 2611 condendae
740 2552 827 2611 urbis
842 2541 1017 2625 consilium,
1029 2560 1092 2611 nan

140 2649 266 2709 belloao
277 2658 352 2726 pace
364 2649 548 2709 firmandae.
591 2648 642 2709 Ab
653 2649 709 2709 illo
724 2648 807 2707 enim
821 2649 962 2725 profecto
972 2647 1091 2707 viribus
1113 2658 1127 2703 1

140 2746 222 2805 datis
243 2737 368 2805 tantum
388 2745 499 2821 valuit,
518 2751 554 2804 111
575 2745 609 2803 in
631 2745 840 2822 quadraginta
860 2744 972 2803 deinde
994 2754 1091 2804 annos

139 2848 241 2902 tritam
256 2852 365 2919 pacem
379 2843 516 2902 haberet.
559 2842 762 2901 Multitridini
776 2846 882 2901 tamen
897 2841 1013 2916 gratior
1028 2841 1092 2900 fuit
1113 2853 1128 2897 8

140 2958 234 3017 quam
249 2938 400 3017 patribus,
416 2940 507 3016 longa
522 2945 595 2999 ante
611 2939 689 2999 alias
704 2937 939 3016 acceptissimus
954 2937 1091 2996 militum

140 3098 245 3155 implicd
255 3098 282 3143 in
289 3098 480 3157 propinquitas,
491 3099 535 3145 the
551 3098 648 3156 danger
660 3099 718 3143 that
728 3097 814 3143 would
824 3096 905 3142 result
915 3095 983 3141 from
998 3096 1041 3141 thc
1056 3095 1144 3152 neigh-

140 3166 253 3212 borhood
265 3167 292 3212 oi
302 3168 345 3213 the
356 3167 475 3213 Romans.
502 3168 524 3211 2.
540 3163 708 3213 dimicatiani
717 3175 757 3210 u:
772 3165 903 3210 ostensive
911 3163 1035 3220 strnyyle.
1059 3163 1082 3208 3.
1096 3161 1141 3209 da:

135 3234 189 3290 for.
220 3236 243 3279 4.
265 3236 338 3281 arie:
359 3240 510 3291 ceratapon,
529 3246 558 3279 as
580 3234 644 3279 with
667 3234 711 3279 the
729 3228 1028 3279 Fidenates-rabam:
1050 3231 1142 3287 michi.

140 3302 163 3346 5.
184 3300 307 3349 61115111
318 3322 340 3339 =
351 3302 453 3358 11911ιὸ1,
469 3302 510 3347 111.
528 3302 543 3325 “
553 3302 838 3359 speakers.'’-partc:
860 3300 912 3345 this
926 3312 979 3345 was
997 3298 1053 3345 said
1070 3302 1098 3343 to
1113 3299 1144 3344 bc

141 3382 174 3414 on
189 3371 233 3416 the
248 3375 312 3416 west
326 3370 397 3415 bank
413 3370 441 3415 of
456 3370 499 3416 tho
515 3370 599 3426 Tiber,
611 3371 654 3415 the
670 3369 773 3415 district
786 3368 878 3424 which,
890 3368 917 3427 in
930 3380 952 3413 c.
964 3368 1000 3412 33.
1009 3367 1032 3422 9,
1044 3366 1072 3410 L.
1084 3378 1144 3423 says

141 3449 195 3482 was
205 3438 284 3483 taken
300 3439 335 3496 by
346 3438 431 3483 Ancus
441 3438 508 3483 from
518 3438 584 3484 Veii.
614 3439 637 3483 6.
657 3436 756 3483 farma:
772 3437 803 3482 in
812 3435 926 3494 penerel,
937 3438 983 3480 not
993 3447 1009 3480 a
1019 3433 1145 3490 complete

142 3505 326 3551 enumeration.
335 3503 502 3551 -abacnum
512 3504 543 3550 i:
561 3506 730 3551 inconsistent
740 3504 802 3550 with
819 3503 859 3549 111
875 3501 954 3558 belief
958 3515 966 3558 ;
976 3502 1040 3558 fidei
1052 3501 1075 3546 is
1089 3501 1143 3546 dat.

142 3571 165 3615 7.
184 3569 246 3620 iila:
264 3574 305 3621 11,
314 3570 685 3631 Romulus-quadraginta:
702 3572 812 3618 Numa’s
822 3571 902 3629 reign.
932 3571 955 3616 8.
973 3566 1143 3615 militana:
