2834 4117
672 290 748 339 ΤΙΤΙ
769 290 848 339 LIVI

308 464 437 526 “Viden
456 471 493 525 tri
513 484 643 543 puerum
658 464 771 540 hunc,”
786 465 900 543 inquit,
917 471 935 502 “
943 484 1036 543 quem
1056 471 1121 526 tam
1142 466 1267 527 humili

306 562 394 623 cultri
418 563 611 622 educemus?
653 562 739 622 Scire
766 562 842 622 licet
868 561 952 621 hunc
972 563 1079 622 lernen
1100 564 1264 639 quondam

306 659 398 719 rebus
426 665 542 719 nostris
569 659 673 719 dubiis
701 660 845 718 futerum
872 659 1126 736 praesidiumque
1153 660 1264 735 regiae

307 754 465 830 adflictae,
498 756 628 833 proinde
653 756 816 815 meteriam
840 755 978 831 ingentis
1005 755 1130 833 pirblioe
1158 766 1266 833 price
1319 773 1323 778 ·

307 852 426 929 timque
451 852 570 912 decoris
598 862 684 911 omni
704 852 903 928 indulgentia
923 858 1031 912 nostre
1051 853 1263 912 netriemus''

273 962 288 1006 4
307 949 386 1009 Inde
400 968 531 1027 puerum
544 949 678 1008 liberum
696 949 764 1009 loce
785 954 930 1026 coeptum
951 949 1060 1008 haberi
1080 949 1264 1025 erudirique

307 1046 427 1106 artibus
449 1046 562 1123 quibus
586 1046 714 1121 ingenia
740 1046 780 1106 ad
808 1055 939 1122 megnae
966 1046 1111 1105 fortenae
1139 1046 1264 1105 cultum

307 1143 492 1203 excitantur.
533 1131 650 1202 Evenit
670 1143 766 1202 facilc
788 1143 872 1218 quod
891 1141 954 1202 diis
975 1143 1063 1202 cordi
1086 1147 1185 1203 esset:
1213 1142 1264 1201 iu-

276 1278 279 1285 ,
306 1240 395 1299 venis
410 1240 511 1300 evesit
527 1249 599 1297 vere
618 1239 735 1300 indolis
755 1239 869 1314 regiae,
884 1257 950 1313 nec,
966 1258 1037 1298 oum
1057 1244 1264 1316 quaereretur

307 1354 401 1411 gener
408 1336 586 1413 Tarquinie,
593 1336 759 1413 quisquam
767 1336 927 1395 Remenae
936 1336 1110 1396 iuventetis
1117 1335 1268 1395 ellearte

249 1416 252 1422 ¹
272 1444 288 1489 e
307 1433 444 1493 cenferri
458 1433 569 1510 potuit,
585 1433 750 1510 filiamque
765 1442 794 1491 ei
809 1452 897 1492 suam
912 1442 967 1491 rex
981 1432 1156 1509 despondit.
1194 1432 1263 1492 Hic

307 1539 501 1607 quecumque
516 1530 554 1588 de
569 1539 663 1589 cause
676 1535 784 1589 tantus
798 1529 848 1587 illi
864 1528 963 1589 hones
984 1528 1112 1589 habitus
1133 1529 1264 1589 credere

307 1626 452 1703 prohibet
466 1635 556 1686 serve
568 1631 676 1685 netum
692 1644 763 1685 eum
777 1644 970 1703 parvumque
989 1625 1093 1702 ipsum
1114 1634 1267 1685 servisse.¹

307 1724 424 1783 Eerum
448 1722 548 1798 magis
576 1723 750 1783 sententiae
779 1742 858 1797 sum,
880 1732 935 1799 qui
963 1722 1130 1783 Cornicule
1157 1727 1263 1799 cepte,

309 1820 398 1881 Servi
412 1820 507 1894 Tulli,
523 1829 578 1896 qui
592 1828 738 1897 princeps
752 1819 786 1877 in
801 1818 858 1877 ille
875 1819 951 1878 urbe
969 1819 1082 1893 fuerat,
1098 1818 1264 1894 gravidam

307 1916 376 1976 vire
391 1926 491 1976 occise
505 1925 642 1990 uxerem,
655 1934 726 1975 cum
741 1915 823 1974 inter
835 1915 971 1991 reliques
983 1921 1124 1992 captives
1136 1915 1265 1991 cognita

308 2019 400 2088 esset,
415 2014 454 2072 ob
468 2012 592 2071 unicam
606 2011 805 2071 nebilitetem
819 2013 859 2071 eb
873 2021 982 2087 regine
995 2013 1138 2071 Remene
1158 2011 1264 2088 prohi-

307 2110 406 2171 bitam
426 2110 535 2169 ferunt
555 2109 684 2170 servitie
705 2115 831 2186 partum
858 2110 978 2168 Remae
999 2109 1137 2169 edidisse
1157 2109 1264 2168 Prisci

273 2222 289 2268 6
308 2206 461 2283 Tarquini
474 2206 508 2264 in
522 2206 622 2265 dome.
665 2206 745 2264 Inde
758 2211 849 2265 tante
869 2205 1019 2265 beneficie
1040 2211 1072 2265 et
1092 2206 1175 2265 inter
1195 2224 1264 2264 mu-

308 2304 400 2363 lieres
421 2302 672 2362 familieritetem
689 2307 821 2376 auctam,
837 2307 868 2361 et
882 2320 1022 2379 puerum,
1037 2309 1074 2361 ut
1087 2302 1121 2360 in
1135 2303 1227 2361 dome
1243 2312 1264 2362 e

308 2409 405 2478 parve
420 2401 575 2473 eductum,
589 2400 624 2457 in
638 2400 769 2458 ceritete
784 2405 878 2476 atque
893 2399 1009 2458 honere
1024 2398 1140 2475 fuisse3
1162 2399 1265 2457 forte-⁸

308 2516 381 2557 nem
395 2496 515 2570 metris,
529 2496 612 2573 quod
626 2501 719 2572 capte
732 2496 835 2573 patrie
849 2496 882 2554 in
896 2495 1035 2557 hostium
1049 2505 1159 2555 manes
1171 2504 1264 2555 vene-

308 2593 360 2668 rit,
374 2599 410 2652 ut
425 2602 514 2653 serve
528 2598 621 2652 netus
636 2592 814 2652 crederetur
828 2592 951 2653 fecisse.

347 2691 396 2749 40.
425 2689 774 2766 Duodequadregesime
789 2690 888 2748 ferme
899 2698 989 2764 anne,
1001 2708 1040 2748 ex
1054 2698 1116 2765 que
1130 2697 1262 2765 regnere

308 2792 451 2865 coeperat
465 2785 664 2862 Tarquinius,
679 2795 743 2845 nen
756 2786 840 2862 apud
861 2795 966 2861 regem
987 2786 1079 2845 modo
1100 2786 1156 2845 sed
1175 2787 1262 2862 apud

309 2890 413 2961 patres
425 2883 608 2960 plebemque
620 2882 712 2957 longe
720 2883 858 2941 menime
868 2883 984 2942 honere
997 2881 1123 2942 Servius
1134 2881 1262 2942 Tullius

273 2997 288 3042 2
310 2987 384 3040 eret.
420 2981 500 3038 Tum
514 2978 596 3038 Anci
609 2979 674 3037 filii
689 2979 759 3053 due,
775 2984 835 3039 etsi
849 2985 942 3038 antee
962 2997 1084 3056 semper
1104 2988 1161 3055 pre
1181 2977 1263 3037 indi·

258 3176 331 3225 vire:
349 3176 441 3233 taking
457 3176 501 3221 her
516 3176 636 3223 husband
651 3173 867 3222 caede—Vrden:
889 3176 930 3222 for
940 3174 1164 3222 videsne—Scire
1179 3172 1260 3223 lieet:

259 3247 280 3292 e
294 3248 317 3292 is
333 3242 589 3301 caiana-pemmo
604 3254 644 3301 p.:
661 3244 721 3290 adv.
737 3256 767 3290 as
782 3244 834 3302 adj.
864 3247 887 3289 4.
908 3243 1025 3291 liborum
1040 3242 1073 3289 1.:
1093 3256 1122 3289 or
1138 3256 1155 3289 c
1169 3255 1264 3288 son.—

259 3311 378 3359 artibus:
396 3313 438 3359 ee.
450 3324 483 3358 an
494 3312 629 3358 education
640 3312 699 3358 that
713 3312 785 3358 leads
796 3317 822 3357 to
833 3312 940 3359 culture.
948 3310 1085 3359 -evesitr
1102 3312 1195 3358 turned
1205 3317 1262 3359 out.

259 3391 371 3439 --que:
394 3382 447 3426 aad
463 3392 499 3426 co.
529 3381 552 3425 e.
572 3378 634 3425 Hie:
656 3380 700 3426 the
715 3380 796 3426 honor
813 3381 841 3426 ot
855 3381 989 3436 bacoming
1003 3381 1047 3426 the
1062 3380 1149 3437 king’s
1166 3379 1266 3426 son-in·

259 3449 317 3495 law.
325 3446 480 3505 -eegnitaz
496 3448 647 3504 recognized
656 3459 685 3493 as
696 3448 724 3492 of
738 3448 800 3505 high
813 3445 1052 3494 station—dome:
1070 3448 1111 3493 for
1121 3449 1198 3493 domi.

297 3514 341 3561 40.
357 3516 610 3573 DeathoiTarquin.
637 3516 658 3561 1.
674 3512 787 3562 honere:
803 3516 854 3561 abl.
864 3517 931 3573 qual.
958 3517 980 3561 2.
996 3512 1063 3561 mii:
1079 3516 1125 3561 has
1134 3516 1266 3573 nopredi-
