2834 4117
278 330 319 393 30
692 340 769 388 mm
790 340 869 388 mvr

292 529 307 573 4
328 514 484 575 libertatis
510 516 675 575 dulcedine
697 516 835 576 nondum
858 522 995 593 experta.
1039 518 1145 577 Timor
1167 519 1280 578 deinde

328 616 432 687 patres
454 612 592 686 incessit,
614 622 653 671 ne
675 613 835 671 civitatem
858 613 924 672 sine
946 614 1086 691 imperio,
1107 616 1280 674 exercitum

329 708 395 767 sine
410 708 496 783 duce,
512 709 682 767 multarum
696 710 779 769 circa
795 710 973 769 civitatium
995 711 1134 771 inritatis
1156 712 1279 786 animis,

328 814 376 865 vis
391 805 497 883 aliqua
512 811 641 865 externa
655 807 838 865 adoriretur.
880 808 923 866 Et
944 825 1012 867 esse
1034 807 1130 883 igitur
1152 808 1280 886 aliquod

328 907 423 978 caput
443 902 595 978 placebat,
617 908 649 961 et
670 912 762 962 neme
782 903 875 962 alteri
896 903 1063 963 concedere
1084 904 1119 963 in
1139 905 1279 964 animum

292 998 504 1060 tinduoebat.
547 1000 600 1058 Ita
620 1016 684 1057 rem
714 1000 796 1058 inter
825 1010 858 1059 se
886 1005 1010 1059 centurn
1038 1006 1143 1077 patres
1172 1002 1280 1061 decem

328 1094 463 1155 decuriis
477 1096 571 1155 factis
587 1094 782 1173 singulisque
797 1096 830 1154 in
845 1095 984 1172 singulas
999 1097 1140 1157 decurias
1155 1106 1279 1174 creatis,

328 1202 383 1268 qui
410 1211 549 1252 summae
566 1203 678 1255 'rerum
706 1198 894 1269 praeessent,
923 1194 1109 1253 consociant.
1162 1194 1281 1254 Decem

328 1280 566 1365 imperitabant3
589 1299 669 1349 imus
684 1308 754 1348 cum
769 1290 945 1365 insignibus
967 1290 1091 1367 imperii
1111 1297 1143 1349 et
1164 1292 1281 1351 lioteri-

292 1402 307 1446 6
328 1386 385 1444 bus
400 1390 483 1461 erat;
506 1395 644 1463 quinque
659 1386 781 1444 dierum
803 1386 905 1462 spatie
925 1386 1097 1446 finiebatur
1112 1387 1279 1464 imperium

328 1500 363 1542 ao
378 1501 433 1558 per
447 1492 553 1543 omnes
575 1483 609 1540 in
630 1483 735 1542 orbem
756 1483 839 1557 ibat;
862 1501 1061 1559 annuumque
1076 1484 1280 1543 intervallum

328 1588 416 1654 regni
429 1579 501 1638 fuit.
544 1579 583 1637 Id
598 1580 636 1639 ab
651 1589 693 1653 re,
709 1580 793 1656 quod
807 1597 889 1638 nunc
903 1598 1027 1657 quoque
1047 1585 1134 1640 tenet
1155 1590 1278 1657 nornen,

327 1676 540 1751 interregnum
554 1675 757 1752 appellatum.

292 1788 305 1832 7
366 1773 511 1831 Fremere
539 1772 652 1831 deinde
680 1772 779 1849 plebs
808 1772 1052 1850 multiplicatam
1084 1774 1278 1850 servitutem,

327 1874 451 1928 centum
466 1879 522 1945 pre
536 1879 599 1928 une
613 1869 756 1928 dominos
771 1870 891 1945 factes3
912 1888 969 1928 neo
986 1870 1070 1929 ultra
1090 1870 1153 1929 nisi
1174 1881 1279 1947 regem

292 1984 306 2028 8
327 1971 359 2025 et
380 1966 418 2025 ab
441 1966 518 2041 ipsis
539 1972 677 2025 creatum
691 1966 879 2025 videbantur
899 1976 1030 2043 passuri.
1074 1968 1152 2027 Cum
1167 1968 1281 2028 sensis

328 2068 397 2122 sent
425 2080 461 2121 ea
488 2072 606 2121 moveri
632 2068 747 2139 patres,
776 2062 967 2122 offerendum
996 2063 1080 2123 ultro
1108 2069 1170 2123 rati
1193 2066 1280 2141 quod

327 2158 473 2218 amissuri
494 2164 591 2232 erant,
614 2158 659 2230 lta
680 2158 813 2233 gratiam
838 2158 948 2218 ineunt
973 2169 1094 2219 summa
1121 2166 1280 2237 potestate

327 2254 442 2332 populo
456 2254 617 2330 permissa,
632 2260 668 2314 ut
685 2264 748 2315 non
768 2255 849 2331 phis-
862 2256 973 2315 darent
994 2256 1071 2316 iuris
1093 2275 1187 2332 quarn
1208 2256 1281 2317 reti·
1333 2299 1340 2307 -

291 2356 444 2413 suerent.
487 2351 701 2410 Decreverunt
728 2352 811 2410 enim
839 2358 884 2426 ut,
913 2371 983 2411 cum
1011 2352 1145 2429 populus
1172 2362 1279 2429 regern

326 2448 479 2523 iussisset,
495 2448 528 2507 id
542 2458 587 2508 sic
601 2453 704 2507 ratum
720 2454 811 2522 esset,
827 2458 854 2508 si
868 2454 973 2525 patres
994 2455 1136 2509 auctores
1156 2449 1277 2509 fierent.

327 2544 431 2603 Hodie
453 2564 576 2622 quoque
601 2545 635 2603 in
662 2543 784 2619 legibus
805 2545 1103 2622 magistratibusque
1123 2547 1279 2620 'rogandis

327 2647 495 2718 usurpatur
516 2642 599 2701 idem
621 2642 679 2716 iris,
701 2651 735 2699 vi
755 2642 916 2719 adempta:
939 2642 1120 2719 priusquam
1142 2643 1279 2720 populus

1143 2727 1149 2751 fi

276 2818 420 2865 concessive
436 2818 542 2865 clauses.
573 2821 595 2864 5.
616 2828 687 2864 rem:
708 2824 881 2877 governmeat.
912 2819 940 2863 L.
957 2831 1039 2865 seems
1055 2822 1082 2864 to
1097 2831 1145 2877 say
1159 2820 1217 2865 that
1234 2820 1279 2867 the
1357 2828 1359 2833 '

277 2888 320 2933 100
337 2891 454 2935 senators
471 2887 570 2933 formed
591 2892 633 2933 ten
655 2888 801 2945 companies
818 2888 846 2932 oi
865 2892 909 2933 ten
929 2888 1000 2942 each,
1017 2887 1101 2933 which
1119 2888 1145 2931 in
1164 2887 1279 2934 rotation

276 2955 376 3001 formed
386 2967 402 3000 a
412 2955 553 3013 governing
563 2955 662 3001 counoil
674 2954 891 3013 (torpescerent).
922 2955 992 3001 anh
1003 2956 1116 3001 member
1126 2955 1154 3000 oi
1164 2956 1208 3001 the
1218 2968 1280 3013 gov-

276 3024 367 3081 erning
381 3036 506 3081 company
518 3036 570 3069 was
585 3024 619 3069 its
634 3023 765 3081 presiding
779 3023 866 3069 officer
880 3024 907 3068 in
922 3028 992 3078 turn,
1004 3024 1091 3080 acting
1104 3036 1132 3069 as
1143 3023 1214 3081 king,
1226 3024 1278 3069 and

276 3091 335 3138 hold
345 3091 385 3136 his
396 3091 534 3147 importum
543 3090 593 3137 five
601 3092 674 3149 days.
704 3092 727 3136 6.
743 3088 815 3137 inat:
832 3092 905 3149 impf.
914 3091 1068 3149 descriptive
1076 3091 1104 3136 of
1114 3092 1158 3136 the
1166 3091 1279 3148 practice

276 3159 369 3217 during
380 3160 423 3204 the
433 3159 617 3216 interregnum.
648 3160 670 3204 i.
686 3156 851 3205 videbamur
861 3171 901 3217 p.:
918 3160 939 3205 it
949 3160 1047 3205 ecemed
1058 3158 1114 3204 thot
1125 3160 1183 3216 they
1193 3159 1280 3205 would

275 3230 319 3271 not
326 3228 430 3273 endure.
447 3228 469 3273 8.
483 3238 515 3273 ea
525 3223 640 3273 moveri:
659 3225 741 3285 figure
751 3228 779 3272 of
789 3227 871 3284 siege3
888 3228 931 3273 the
941 3227 1086 3273 discontent
1097 3239 1150 3273 was
1160 3227 1240 3272 about
1250 3229 1279 3273 to

276 3295 374 3341 assault
381 3296 424 3341 the
431 3296 539 3352 position
547 3296 574 3340 oi
583 3295 625 3340 the
632 3299 729 3340 senate.
743 3320 773 3328 -
789 3293 870 3341 ibris:
887 3295 979 3352 rights.
1002 3296 1024 3340 9.
1040 3293 1277 3351 populus=pletu

276 3363 303 3409 in
313 3363 462 3409 distinction
473 3363 540 3407 from
548 3364 642 3419 potres.
651 3361 828 3422 -rogandim
841 3364 990 3420 propositio,
999 3364 1042 3408 the
1051 3362 1181 3420 presiding
1191 3361 1279 3409 officer

277 3432 282 3453 ‘
293 3431 372 3477 asked
383 3431 388 3452 ’
405 3431 448 3476 the
463 3431 552 3487 people
567 3431 681 3476 whether
698 3432 759 3489 they
769 3431 865 3477 wished
875 3432 938 3477 such
948 3444 964 3476 a
974 3431 1032 3484 law,
1049 3432 1166 3476 eto-vi
1177 3440 1216 3476 a:
1232 3429 1279 3477 the

277 3499 315 3544 lea
325 3498 440 3544 Priblr'lio
451 3498 478 3543 in
485 3498 529 3543 339
537 3509 599 3553 nc„
609 3498 659 3543 and
668 3498 712 3543 the
721 3498 759 3543 le'n
768 3498 873 3544 Moenia
881 3499 1005 3556 probably
1013 3498 1039 3542 in
1047 3498 1090 3544 287
1099 3497 1278 3555 13.o.requi1·ed

277 3567 320 3611 the
330 3570 418 3612 senate
430 3570 456 3611 to
467 3564 548 3623 ratiiy
558 3565 585 3610 in
595 3565 709 3611 advance
721 3566 764 3612 the
778 3566 863 3614 action
874 3566 901 3612 oi
916 3566 960 3612 the
969 3566 1065 3623 people.
