2834 4117
258 320 300 385 92
672 328 749 408 rrrr
769 328 851 379 unu

306 513 431 563 manum
447 498 570 580 integra
587 503 669 563 facie
688 503 904 581 aperientibus
922 504 1131 565 fundamenta
1149 506 1269 584 templi

271 613 286 657 6
306 601 422 660 dicitur
435 600 626 678 apparuisse.
669 600 755 670 Quae
769 609 838 660 visa
852 600 971 677 species
985 601 1071 661 haud
1084 620 1139 678 per
1159 603 1269 662 amba-

306 707 360 774 ges
374 715 476 757 arcem
490 716 559 756 eam
574 696 700 773 imperii
713 701 870 773 caputque
890 706 993 755 rerum
1011 698 1079 757 fore
1098 699 1267 775 portende-

305 794 376 870 bat3
399 794 494 870 idque
516 794 562 853 ita
584 793 723 852 cecinere
748 798 845 867 vateq
862 802 978 869 quique
1003 794 1038 852 in
1060 795 1137 854 urbe
1159 801 1262 872 erant,

306 900 445 968 quasque
460 890 500 949 ad
513 909 582 949 eam
597 907 662 948 rem
681 889 919 949 consultandam
938 908 978 949 ex
995 890 1126 950 Etruria
1145 900 1265 951 accive-

271 1004 285 1049 i
305 992 385 1047 rant.
427 987 611 1063 Augebatur
629 986 670 1045 ad
689 986 848 1063 impensas
867 986 950 1062 regis
970 986 1103 1046 animus.
1145 988 1264 1063 Itaque

305 1085 491 1161 Pomptinae
518 1082 693 1156 manubiae,
722 1087 802 1158 'quae
830 1082 1028 1159 perducenda
1059 1084 1101 1143 ad
1135 1084 1265 1144 culmen

306 1190 393 1257 operi
411 1180 587 1239 destinatae
606 1183 704 1253 erant,
722 1178 778 1236 vix
799 1178 833 1236 in
853 1178 1061 1238 frmdamenta
1081 1180 1265 1257 suppedita

271 1293 286 1337 8
306 1287 385 1336 vere.
428 1278 475 1336 Ee
500 1276 599 1353 magis
623 1275 730 1350 Fabia,
752 1281 972 1352 praeterquam
996 1276 1081 1352 quod
1100 1277 1263 1353 antiquior

270 1379 362 1448 eest,
391 1373 578 1433 crediderim
605 1371 816 1448 quadraginta
842 1390 880 1431 ea
907 1372 974 1431 sala
1000 1372 1123 1432 talenta
1148 1373 1261 1450 fuisse,

305 1490 399 1548 quam
427 1471 545 1544 Pisani,
571 1477 626 1545 qui
653 1468 863 1544 quadraginta
889 1467 979 1527 milia
1005 1469 1110 1545 ponde
1137 1477 1263 1545 argenti

306 1566 491 1644 sepositam
505 1584 574 1625 eam
593 1582 659 1624 rem
679 1564 797 1639 scribit,
813 1583 965 1624 summam
986 1565 1136 1642 pecuniae
1156 1584 1260 1644 neque

305 1682 343 1723 ex
364 1672 457 1722 unius
478 1667 546 1721 tum
566 1660 654 1721 urbis
674 1660 793 1737 praeda
813 1662 1007 1738 sperandam,
1029 1666 1062 1720 et
1082 1662 1202 1722 nullius
1217 1673 1260 1743 ne

304 1760 415 1820 herum
429 1757 556 1836 quidem
570 1756 823 1833 magnificentiae
838 1775 965 1836 operum
976 1758 1184 1819 fundamenta
1193 1769 1260 1819 nen

303 1860 568 1934 exsuperaturam.

343 1955 391 2013 56.
420 1954 568 2012 Intentus
587 1950 778 2028 perficienda
796 1950 923 2028 templo,
939 1950 1038 2011 fabris
1057 1952 1197 2029 undique
1218 1970 1259 2013 ex

303 2050 433 2111 Etruria
450 2054 568 2123 accitis,
587 2057 650 2107 nen
669 2048 803 2123 pecunia
824 2048 925 2107 selum
945 2048 987 2107 ad
1006 2047 1040 2106 id
1060 2048 1189 2125 publica
1208 2056 1258 2110 est

303 2157 387 2222 usus,
400 2147 455 2206 sed
464 2154 566 2223 operis
578 2144 673 2204 etiam
687 2162 728 2203 ex
741 2143 839 2221 plebe.
881 2144 1027 2214 Quicum
1041 2144 1128 2204 haud
1140 2164 1258 2223 parvus

303 2249 335 2304 et
358 2243 426 2321 ipse
450 2242 583 2301 militiae
605 2240 773 2300 adderetur
794 2239 890 2316 labor,
911 2240 1016 2300 minus
1037 2246 1143 2301 tamen
1166 2241 1257 2319 plebs

303 2340 491 2418 gravabatur
506 2347 538 2397 se
553 2335 673 2414 templa
686 2337 780 2396 deum
797 2336 1002 2396 exaedificare
1018 2338 1163 2398 manibus
1180 2348 1255 2414 suis,
1287 2390 1291 2393 .

266 2451 282 2497 a
302 2456 395 2515 quarn
410 2439 578 2513 postquam
592 2439 624 2493 et
643 2434 683 2493 ad
704 2432 776 2508 alia,
791 2438 828 2491 ut
842 2433 945 2511 specie
965 2433 1088 2494 minora
1107 2444 1152 2495 sic
1173 2434 1257 2496 labe

243 2534 245 2545 ¹
301 2534 345 2594 ris
370 2532 533 2610 aliquanta
556 2530 693 2606 maioris,
715 2530 958 2590 traducebantur
982 2549 1085 2608 opera,
1108 2532 1194 2591 forus
1221 2531 1256 2591 in

299 2631 382 2691 circe
409 2628 571 2689 faciendus
598 2626 797 2704 cloacamque
818 2626 997 2721 maximam,
1024 2628 1255 2705 receptaculum

251 2805 302 2853 abl,
314 2803 378 2851 with
393 2802 543 2860 evocatum
562 2800 664 2848 oftener
677 2800 742 2847 with
758 2813 797 2847 ea,
830 2801 853 2846 e.
869 2798 992 2861 integre:
1010 2805 1056 2848 not
1072 2802 1254 2861 decomposod;

249 2873 374 2920 tradition
399 2872 501 2917 further
524 2870 580 2917 said
605 2869 626 2914 it
648 2882 702 2916 was
727 2869 771 2915 the
796 2868 862 2916 head
887 2870 915 2915 of
939 2869 1002 2916 Olus
1027 2869 1078 2915 and
1102 2884 1156 2917 was
1179 2884 1253 2929 gory.

249 2944 272 2988 6.
292 2938 366 2986 haud
390 2949 416 2996 p.
441 2949 481 2985 a:
507 2943 552 2985 not
569 2936 857 2994 obscurem-rerum:
884 2938 925 2984 the
945 2937 1031 2983 world
1068 2938 1090 2984 i.
1111 2936 1253 2995 inparem:

250 3024 364 3069 expense,
385 3022 420 3056 sc.
436 3005 784 3066 faciendae-manubiae:
810 3006 896 3064 spoils,
932 3009 955 3054 9.
976 3005 1148 3055 crediderim:
1173 3008 1192 3054 I
1209 3022 1255 3055 cm

248 3079 363 3126 inclined
374 3083 399 3124 to
410 3074 726 3134 believe-sperandam:
744 3080 768 3122 to
779 3075 807 3122 be
818 3074 1088 3132 aspectae-nullius
1106 3109 1112 3121 .
1129 3109 1135 3122 .
1154 3110 1159 3121 .
1175 3086 1256 3123 exsu-

248 3146 420 3205 paraturam:
436 3158 505 3192 more
521 3145 586 3191 ibon
600 3145 777 3202 sufficicntsor
792 3143 1012 3201 tbcsowudaiious
1027 3143 1057 3200 of
1069 3157 1122 3201 any
1135 3147 1255 3203 maenia-

249 3220 306 3263 cent
320 3219 450 3261 structure
470 3226 532 3261 coen
546 3214 576 3260 in
591 3225 639 3258 our
655 3213 738 3259 tima.
772 3211 832 3257 Join
847 3211 944 3259 nullius
958 3212 1022 3258 with
1038 3212 1253 3270 mapauioeniiaa

249 3284 332 3331 which
340 3281 613 3339 limitssuudumeata.

288 3350 331 3399 56.
352 3350 445 3398 Oloaoa
455 3350 577 3396 Maxima.
608 3348 736 3406 Embassy
744 3351 772 3394 to
782 3346 882 3405 Delphi.
913 3348 935 3393 1.
956 3348 1059 3405 operis:
1074 3346 1253 3404 curameque

249 3420 336 3467 forced
351 3419 503 3466 labor-et
515 3415 586 3475 ipse:
604 3416 666 3462 also.
697 3418 720 3461 2.
741 3425 836 3474 quam:
853 3414 946 3473 supply
955 3414 1251 3473 praecitatae-iores:

248 3502 314 3535 rows
334 3488 364 3544 os
386 3492 462 3543 scats,
481 3486 525 3532 the
544 3484 685 3541 gerundivo
705 3483 894 3529 constructione
915 3496 959 3529 are
979 3483 1006 3529 in
1026 3484 1171 3541 apposition
1188 3485 1253 3531 with

249 3554 509 3614 opera-eloacam:
535 3554 579 3597 the
598 3556 672 3610 great
691 3552 766 3597 dmin
786 3551 840 3597 still
860 3551 888 3595 in
907 3552 1005 3609 perfect
1025 3553 1211 3609 preservatiom
1222 3576 1254 3585 —
