2834 4117
702 301 779 349 ΤΙΤΙ
799 301 880 350 LIVI

336 478 461 537 Albana
475 488 508 536 ra
522 478 676 554 permissa
690 476 860 536 Ramnlum
869 478 1064 554 Remumque
1078 480 1191 555 cupida
1206 481 1293 557 oepit

336 574 370 632 in
394 574 433 634 ils
457 573 544 648 loeis,
559 572 613 633 ubi
638 573 775 650 expositi
799 573 914 650 ubique
939 574 1064 632 edueati
1084 581 1182 650 erant,
1202 577 1292 635 urbis

337 672 524 730 condendae.
567 671 609 729 Et
626 675 788 746 supererat
805 670 976 729 multituda
993 670 1188 731 Albanorum
1206 673 1292 755 Lata-

336 754 526 845 n'arrunque3
557 767 597 826 ad
624 766 658 825 id
684 771 826 843 pastores
854 785 976 843 quoque
1004 774 1206 843 accesserant,
1235 779 1292 846 qui

337 874 443 924 omnes
464 864 559 923 facilc
581 882 668 940 spem
691 862 840 938 facerent,
862 882 991 940 parvam
1012 863 1135 938 Albam,
1158 883 1290 942 parvum

300 974 316 1017 4
336 960 504 1020 Lavinium
528 979 602 1037 prae
627 969 665 1019 ea
687 959 773 1035 urbe,
798 978 877 1036 quae
901 960 1095 1035 conderetur,
1120 960 1196 1020 fore.
1239 963 1293 1021 In·

336 1058 474 1117 tervanit
501 1057 614 1116 deinde
648 1056 699 1115 his
729 1056 972 1132 cogitatianibus
1006 1063 1127 1116 avitum
1161 1059 1290 1134 malum,

337 1164 425 1229 regni
442 1155 564 1231 cupida,
585 1159 678 1231 atque
694 1153 768 1212 inde
788 1154 915 1213 foedum
936 1159 1093 1213 certarnen
1114 1162 1254 1214 coortum
1272 1166 1292 1215 a

337 1251 414 1311 satis
443 1256 515 1309 miti
542 1250 704 1327 principio.
761 1250 914 1320 Quoniam
946 1251 1063 1325 gemini
1089 1258 1203 1325 essent,
1232 1271 1291 1312 nec

337 1348 450 1407 aetatis
478 1347 667 1406 verecundia
693 1347 863 1406 discrimen
891 1346 993 1406 facere
1021 1353 1136 1424 posset,
1164 1354 1200 1407 ut
1234 1349 1289 1424 dii,

337 1434 468 1521 quornm
489 1444 607 1503 tatalae
629 1462 666 1502 ea
686 1442 755 1503 loca
775 1449 888 1518 essent,
911 1444 1050 1518 auguriis
1074 1444 1214 1519 legerent
1235 1456 1291 1522 qui

337 1551 451 1601 nomen
465 1559 564 1599 novae
578 1540 650 1599 urbi
663 1540 761 1614 daret,
773 1550 829 1616 qui
842 1540 999 1600 conditam
1014 1541 1145 1617 imperia
1159 1548 1289 1618 regeret,

337 1638 495 1697 Palatium
516 1636 679 1712 Romulus,
699 1637 817 1696 Remus
836 1636 1030 1695 Aventinum
1049 1637 1090 1696 ad
1105 1638 1291 1713 inauguran-

337 1736 411 1793 dum
426 1734 545 1811 templa
558 1734 694 1810 capiunt.

377 1834 404 1891 7.
433 1831 537 1890 Priari
554 1831 653 1889 Remo
670 1829 835 1905 augurimn
855 1830 979 1890 venisse
996 1831 1106 1906 fertur,
1118 1851 1173 1891 sex
1186 1832 1291 1891 vultu-

337 1938 396 2003 res,
425 1928 549 2005 iamque
576 1927 723 1986 nantiato
750 1926 879 2002 auguria
907 1946 977 1986 cum
1003 1928 1119 2005 duplex
1141 1947 1289 1989 numerus

338 2025 473 2085 Romula
487 2034 520 2084 sa
535 2024 732 2099 ostendisset,
748 2029 915 2101 utrumque
929 2034 1033 2100 regern
1048 2044 1105 2084 sua
1118 2025 1290 2085 multituda

337 2121 596 2182 consalutaverat.
639 2121 792 2202 Tempore
809 2119 858 2179 illi
872 2127 1046 2198 praecepto,
1062 2128 1095 2181 at
1111 2121 1147 2180 hi
1160 2133 1289 2183 numera
1340 2162 1347 2169 -

302 2236 316 2280 2
338 2200 442 2278 avium
458 2227 587 2293 ragnum
602 2217 777 2277 trahebant.
820 2217 900 2276 Inde
917 2236 988 2276 oum
1004 2218 1207 2279 altereatione
1221 2238 1289 2278 con-

328 2317 332 2324 '
337 2325 437 2391 gressi
450 2314 619 2374 certamine
635 2323 752 2373 irarum
768 2314 809 2373 ad
826 2314 951 2374 caedem
970 2320 1142 2374 vertuntur.
1185 2317 1236 2375 lbi
1255 2317 1290 2375 in

337 2412 429 2471 turba
449 2412 529 2472 ictus
552 2413 670 2471 Remus
690 2411 812 2470 cecidit.
855 2410 1021 2486 Vulgatior
1037 2412 1123 2471 fama
1141 2417 1190 2472 est
1211 2413 1290 2471 ludi-

337 2510 404 2569 bria
429 2510 538 2568 fratris
563 2509 698 2566 Remum
721 2517 817 2567 novos
842 2508 1040 2568 transiluisse
1062 2518 1182 2584 maros3
1214 2509 1289 2569 inde

337 2605 376 2665 ab
390 2611 471 2665 irata
492 2604 637 2679 Romula,
652 2622 723 2663 oum
739 2604 844 2664 verbis
861 2623 984 2681 quoque
1001 2604 1193 2681 increpitans
1208 2606 1290 2666 adia-

337 2703 440 2777 oisset,
457 2707 474 2738 “
487 2701 537 2761 Sic
555 2701 667 2761 deinde
688 2710 876 2779 quicumque
895 2700 976 2761 alius
991 2702 1148 2762 transiliet
1167 2703 1290 2763 moenia

287 2848 436 2904 disordcrly.
467 2848 488 2891 3.
508 2843 582 2891 adid
590 2864 613 2882 =
622 2846 656 2891 ad
666 2847 714 2900 eds,
725 2847 769 2891 the
780 2845 910 2892 excessivo
920 2850 987 2903 part.
994 2846 1077 2904 —qui
1087 2856 1124 2893 0.:
1141 2859 1168 2892 so
1180 2846 1237 2892 that
1252 2847 1290 2894 all

287 2917 529 2973 rocchae-prae:
548 2914 578 2958 in
593 2913 756 2969 compariaon
770 2913 841 2959 with.
870 2916 894 2958 4.
915 2911 985 2959 satia
999 2923 1048 2959 m.:
1068 2927 1128 2971 ceap
1145 2915 1289 2972 reading.-

286 2985 390 3031 ment:
408 2982 474 3041 subj.
483 2983 590 3028 because
598 2981 619 3026 it
627 2980 649 3026 is
659 2982 703 3027 the
714 2982 824 3039 thought
835 2981 862 3027 of
873 2981 916 3027 the
926 2994 1012 3039 young
1020 2981 1241 3040 men-quarum
1251 2985 1272 3029 t.
1281 2998 1286 3029 ι

287 3054 369 3098 ander
379 3052 460 3097 whose
472 3050 632 3107 protectam·
649 3049 774 3096 tatalocis
788 3050 858 3107 pred.
869 3063 927 3107 gen.
939 3050 967 3096 os
981 3049 1289 3110 possession-inaugu-

285 3118 415 3166 randum:
432 3120 481 3176 for
498 3117 590 3175 taking
609 3119 651 3164 tac
669 3130 773 3175 omcas‚·
796 3119 840 3164 the
857 3118 1046 3177 indispensable
1064 3120 1230 3178 preliminary
1247 3121 1289 3166 tor

287 3202 365 3247 every
375 3192 417 3233 act
428 3191 455 3233 at
465 3187 553 3233 Rome.
562 3184 713 3247 -templar
726 3192 798 3243 posta
809 3187 838 3243 os
846 3187 1021 3244 observatiore,
1037 3189 1071 3233 cf.
1082 3202 1104 3233 c.
1117 3189 1153 3233 18.
1165 3190 1200 3235 10.

325 3254 350 3303 7.
366 3256 595 3302 DeathofRemus.
622 3255 1019 3302 Establishmentofritual-l.
1035 3259 1181 3315 utrunque
1193 3290 1199 3302 .
1213 3291 1218 3302 .
1233 3268 1286 3305 .c.:

286 3325 348 3371 each
359 3338 411 3370 was
421 3325 522 3371 scluted
538 3324 569 3382 by
580 3325 621 3372 his
636 3338 693 3371 own
702 3325 832 3383 followerr
848 3337 877 3370 cs
891 3324 964 3383 king.
995 3337 1044 3392 spa
1055 3326 1136 3372 refers
1147 3331 1174 3371 to
1189 3331 1288 3372 utrum·

286 3392 524 3453 que-Tempore:
541 3395 600 3440 inst.
613 3392 866 3442 abl-trahebant:
883 3408 918 3442 sc.
936 3396 970 3441 ad
984 3396 1019 3449 aa,
1033 3395 1150 3442 clainwd.
1190 3397 1212 3441 2.
1233 3406 1289 3443 cer-

286 3462 389 3509 tamine
408 3460 441 3507 i.:
468 3462 497 3507 in
515 3462 581 3507 their
597 3465 748 3519 portionale
767 3463 857 3519 atr-ase:
884 3464 944 3510 inst.
963 3463 1029 3520 abl.;
1049 3468 1110 3510 note
1127 3465 1171 3510 the
1188 3464 1241 3521 plu.
1260 3464 1288 3510 os

288 3531 396 3585 irarum,
408 3542 436 3576 as
448 3530 474 3575 in
484 3531 521 3575 21.
532 3531 570 3575 58.
582 3532 603 3575 1.
611 3528 826 3588 -inoropitenn
843 3532 898 3590 joln
908 3532 972 3579 with
982 3532 1065 3578 verbis
1075 3544 1104 3578 as
1117 3532 1185 3591 ad1.;
1202 3532 1286 3579 bitter.
