2834 4117
237 264 244 276 ’
290 304 332 369 76
705 312 781 361 rm
803 311 883 360 nivi

303 501 318 546 t
339 485 475 546 hamane
490 486 577 546 culta
591 491 713 563 pateret
728 486 795 545 soli.
838 486 909 545 Hac
926 486 1072 563 spatium,
1087 486 1172 562 quod
1190 504 1302 563 neque

339 583 476 642 habitari
500 602 601 660 neque
624 592 706 641 arari
730 583 780 642 fas
806 587 882 657 erat,
907 592 971 642 nan
994 582 1094 657 magis
1116 582 1200 659 quod
1221 589 1303 660 post

340 690 463 738 miirnm
491 686 573 739 esset
597 698 690 756 quam
715 680 799 755 quod
824 689 931 739 marus
955 686 1027 756 post
1051 678 1093 753 id,
1118 680 1302 755 pomerium

340 776 475 836 Ramani
496 776 711 853 appellarunt;
734 781 766 834 et
786 775 821 833 in
839 776 927 835 urbis
949 775 1140 834 incrementa
1159 794 1300 852 semper,

340 879 493 950 quantum
507 872 631 932 moenia
648 881 831 948 processura
849 877 947 947 erant,
962 877 1087 931 tantum
1107 872 1237 931 termini
1259 872 1301 930 hi

339 975 512 1029 cansccrati
526 968 774 1045 proferebantur.

379 1067 427 1125 45.
456 1065 561 1124 Aucta
574 1065 702 1123 civitate
720 1064 935 1141 magnitudine
954 1065 1050 1139 urbis,
1065 1064 1210 1124 sarmatis
1231 1084 1301 1124 om-

340 1162 432 1221 nibus
454 1162 540 1220 domi
560 1166 593 1219 ct
613 1161 654 1220 ad
677 1160 754 1220 belli
778 1166 810 1219 et
832 1161 874 1220 ad
894 1161 981 1238 pacis
1002 1171 1087 1236 asiis,
1108 1171 1149 1219 ne
1171 1180 1300 1238 semper

340 1267 435 1317 armis
459 1268 534 1335 opes
558 1258 807 1334 adquirerentur,
832 1256 964 1316 consilia
984 1267 1097 1333 augere
1126 1257 1299 1335 imperium

305 1368 320 1413 2
340 1359 470 1414 cenatus
485 1359 541 1428 est,
558 1353 651 1413 simul
667 1359 699 1412 et
713 1353 842 1429 aliquod
855 1353 969 1412 addere
986 1354 1057 1412 urbi
1077 1353 1179 1412 decus
1223 1354 1299 1413 Iam

341 1456 408 1509 tum
422 1455 491 1510 erat
510 1449 654 1509 inclitum
673 1450 795 1508 Dianae
814 1449 970 1527 Ephesiae
992 1450 1111 1509 fanum.
1153 1450 1194 1508 Id
1213 1468 1300 1509 com-

341 1547 477 1606 muniter
505 1556 524 1605 a
550 1546 734 1605 civitatibus
763 1545 859 1605 Asiae
886 1546 1005 1605 factum
1039 1546 1126 1606 fama
1160 1546 1296 1606 ferebat

340 1645 423 1702 Eum
449 1652 633 1703 consensum
662 1642 798 1718 deasque
825 1642 1018 1701 consociatas
1050 1642 1178 1702 laudare
1214 1653 1298 1702 mire

343 1740 470 1800 Servius
498 1739 580 1797 inter
604 1748 747 1815 proceras
769 1739 962 1812 Latinarum,
986 1756 1058 1797 cum
1080 1740 1194 1815 quibus
1217 1740 1299 1816 pah

341 1836 400 1896 lica
427 1836 638 1913 privatimque
666 1834 806 1911 hospitia
832 1835 1050 1911 amicitiasque
1069 1836 1108 1894 de
1137 1836 1299 1895 industria

341 1933 494 1992 iunxerat.
539 1932 636 2009 Saepe
670 1931 813 1991 iteranda
845 1932 953 1989 eadem
989 1932 1128 2009 perpulit
1165 1932 1297 1991 tandem

340 2036 377 2089 ut
397 2030 515 2089 Ramae
543 2028 654 2087 fanum
672 2027 793 2087 Dianae
815 2028 924 2104 populi
948 2029 1055 2087 Latini
1078 2047 1149 2087 cum
1176 2029 1297 2106 popula

305 2127 483 2187 aRamana
510 2125 659 2184 facerent.
716 2125 764 2183 Ea
790 2129 858 2183 crat
884 2124 1039 2184 cenfessia
1067 2130 1161 2202 caput
1189 2135 1296 2185 rernm

341 2224 474 2282 Romam
496 2238 572 2294 esse,
597 2220 636 2278 da
656 2229 718 2296 qua
741 2219 858 2279 totiens
882 2231 977 2280 armis
1001 2226 1154 2281 certatum
1178 2222 1294 2282 fuerat.

341 2319 381 2378 Id
395 2336 585 2395 quamquam
599 2316 750 2375 omissum
770 2316 832 2376 iam
853 2336 893 2376 ex
914 2317 1052 2376 omnium
1073 2327 1148 2377 cara
1168 2319 1297 2377 Latina

341 2436 410 2474 rum
422 2416 537 2474 obrem
548 2412 665 2472 totiens
679 2413 851 2472 infeliciter
864 2419 1052 2491 temptatam
1062 2424 1157 2474 armis
1168 2415 1296 2474 videba

341 2518 402 2587 tur,
417 2520 474 2569 iini
488 2520 521 2570 sa
535 2527 574 2568 ex
590 2510 717 2569 Sabinis
731 2510 797 2569 fors
811 2510 885 2569 dare
902 2519 971 2569 visa
988 2516 1037 2569 est
1055 2516 1178 2588 privata
1195 2511 1296 2570 cansi-

305 2624 320 2669 4
341 2609 385 2669 lia
400 2607 526 2685 imperii
539 2606 752 2682 recuperandi.
795 2607 858 2666 Bas
877 2606 911 2665 in
931 2607 1055 2666 Sabinis
1072 2613 1149 2667 nata
1168 2608 1295 2667 cuidam

341 2702 581 2783 patrifamiliae
596 2702 713 2761 dicitur
728 2703 873 2763 miranda
890 2703 1106 2779 magnitudine
1125 2722 1161 2763 ac
1180 2704 1293 2781 specie.

341 2804 422 2862 Fixa
443 2819 499 2878 per
521 2799 637 2858 multas
661 2804 781 2859 aetates
805 2818 921 2859 cornua
944 2800 979 2858 in
1002 2799 1159 2859 vestibuli>
1181 2800 1296 2877 templi

305 2916 320 2962 5
342 2899 463 2959 Dianae
484 2901 720 2956 monumentum
742 2905 772 2954 ei
791 2895 880 2955 fuere
901 2896 1060 2955 miracula.
1102 2896 1232 2971 Habita,
1257 2902 1295 2955 ut

289 3056 345 3115 free
358 3054 439 3111 from.
469 3052 492 3097 5.
514 3048 644 3107 spatium,
658 3048 743 3107 quod:
762 3050 831 3107 quod
847 3049 870 3096 is
880 3044 1100 3097 'relative-nan
1113 3060 1149 3095 m.
1160 3048 1244 3108 qnod:
1264 3062 1295 3096 as

292 3122 369 3168 much
380 3121 494 3167 because.

330 3187 373 3235 45.
395 3187 481 3235 Unicn
498 3186 526 3232 oi
543 3185 622 3232 Rome
640 3185 691 3232 and
706 3185 817 3231 Latium.
846 3184 1023 3231 nonnitus:
1045 3190 1143 3232 neuter.
1178 3187 1200 3231 2.
1221 3183 1296 3232 dois

291 3268 344 3316 que
361 3252 542 3302 cansociatis:
558 3254 680 3312 reltyicus
696 3250 935 3310 unica-publice
952 3287 958 3299 .
976 3286 982 3299 .
1000 3287 1006 3299 .
1022 3250 1162 3299 tinxerat:
1176 3252 1296 3310 politicae

293 3326 346 3371 aad
362 3322 483 3382 personat
499 3322 749 3379 pcccctsrtcndaaips.
781 3322 804 3366 3.
825 3320 877 3367 Ea:
904 3322 955 3368 tais
973 3319 1293 3367 aetion-omissum...

292 3390 449 3440 vitiabitur:
475 3391 574 3436 ceemed
594 3394 617 3435 to
641 3389 704 3435 tave
725 3390 819 3445 passed
836 3390 912 3445 from
937 3389 977 3435 tte
1002 3387 1293 3445 thecuat-omnium:

293 3460 430 3509 antithetic
454 3463 482 3504 tc
503 3457 556 3511 dni,
577 3457 656 3503 hence
674 3457 708 3502 its
728 3457 847 3513 position.
877 3458 900 3501 4.
921 3454 1150 3523 patrifamiliae:
1173 3462 1294 3514 property

293 3523 572 3575 omnen-miracula:
591 3524 645 3570 dat.
666 3524 705 3579 (as
723 3524 744 3568 if
761 3537 809 3570 one
826 3524 854 3569 oi
872 3527 923 3570 two
941 3523 1053 3579 datives)
1073 3524 1174 3571 instead
1192 3526 1219 3571 oi
1239 3537 1295 3583 gen.
