2834 4117
671 314 748 363 ΤῙΤΙ
769 314 848 363 Livi

307 491 453 568 exempli,
469 500 570 550 mores
584 490 768 565 formarent,
782 495 850 549 tum
869 489 1004 549 finitimi
1022 489 1117 549 etiam
1137 492 1262 568 populi,

307 598 363 664 qui
376 593 468 647 antee
481 593 592 662 eastra,
606 596 670 646 non
683 587 792 646 urbem
805 586 941 663 positam
956 586 990 644 in
1004 587 1107 647 medio
1121 588 1162 646 ad
1175 587 1263 646 solli-

307 685 464 744 citandam
479 684 618 743 omnium
632 693 741 761 pacem
755 683 962 757 crediderant,
978 683 1095 743 ineam
1113 693 1264 743 verecun-

307 781 392 841 diam
407 778 535 841 adducti
549 787 632 854 sunt,
647 787 684 839 ut
701 780 864 839 civitatem
877 785 977 839 totam
997 779 1032 838 in
1052 779 1172 839 cultum
1193 800 1263 840 ver-

308 896 373 938 sam
388 879 518 937 deorum
532 878 650 936 violare
665 878 814 937 ducerent
827 876 927 936 nefas.

272 994 286 1038 3
346 975 450 1034 Licus
464 980 539 1049 erat,
555 992 647 1051 quem
666 974 804 1032 medium
823 991 863 1032 ex
883 982 979 1050 opaco
1000 982 1094 1050 specu
1114 973 1187 1033 fons
1208 992 1261 1051 pe-

307 1080 397 1130 renni
410 1071 532 1146 rigabat
546 1079 634 1147 aquit.
677 1071 745 1140 Quo
760 1070 835 1147 quia
848 1079 881 1129 se
898 1088 1046 1147 persaepe
1064 1070 1170 1129 Numa
1191 1070 1261 1129 sine

307 1168 434 1227 arbitris
451 1168 538 1227 velut
555 1168 595 1226 ad
614 1185 814 1241 congressum
835 1166 912 1226 deae
932 1166 1097 1240 inferebat,
1112 1167 1260 1226 Camenis

307 1283 378 1323 eum
405 1264 510 1323 hicum
538 1264 682 1339 sacravit,
711 1263 795 1340 quod
822 1271 928 1321 earum
955 1262 1001 1322 ibi
1027 1262 1160 1322 concilia
1186 1280 1260 1321 cum

306 1359 437 1436 coniuge
459 1370 515 1420 sua
534 1350 649 1435 Egeria
670 1367 783 1419 essent.
825 1360 868 1419 Et
888 1360 979 1419 Fidei
1000 1359 1150 1419 sollemne
1170 1359 1262 1418 insti·

271 1472 286 1516 4
307 1458 377 1517 tuit.
420 1456 472 1516 Ad
493 1457 527 1516 id
548 1457 717 1516 sacrarium
737 1455 882 1515 flamines
902 1456 985 1531 bigis
1012 1466 1104 1515 curru
1132 1460 1260 1515 arcuato

306 1554 381 1612 vehi
405 1553 506 1628 iussit,
528 1564 685 1630 manuque
707 1553 747 1613 ad
767 1552 885 1628 digitos
908 1570 1008 1629 usque
1029 1551 1172 1611 involuta
1192 1570 1259 1611 rem

307 1650 446 1709 divinam
457 1651 569 1725 facere,
582 1649 794 1726 significantes
804 1648 899 1708 fidem
912 1649 1076 1708 tutandam
1092 1648 1260 1726 sedemque

271 1761 285 1806 5
308 1747 375 1806 eius
389 1747 484 1806 etiam
499 1747 533 1806 in
546 1747 684 1806 dexteris
707 1750 860 1806 sacratam
876 1763 951 1805 esse.
1004 1746 1109 1805 Multa
1129 1745 1194 1804 alia
1214 1764 1260 1805 sa-

307 1842 425 1903 crificia
439 1843 567 1919 locaque
583 1852 678 1903 saeris
692 1842 857 1917 faciendis,
870 1861 954 1923 quae·
960 1841 1081 1917 Argeos
1092 1841 1259 1919 pontifices

307 1945 428 2016 vocant,
457 1940 623 1999 dedicavit.
666 1938 815 2000 Omnium
842 1944 947 1998 tamen
982 1939 1153 1997 maximum
1189 1938 1260 1999 eius

308 2055 435 2114 operum
449 2036 512 2095 fuit
525 2036 627 2095 tutela
640 2055 696 2113 per
711 2054 801 2095 omne
816 2045 904 2110 regni
914 2040 1038 2113 tempus
1052 2035 1138 2095 haud
1155 2035 1259 2095 minor

271 2154 286 2198 c
306 2134 393 2210 pacis
408 2152 500 2210 quam
518 2142 614 2209 regni.
657 2133 709 2191 Ita
730 2133 791 2191 duo
812 2132 959 2209 deinceps
980 2142 1077 2208 reges,
1092 2132 1174 2192 adius
1194 2132 1260 2192 alia

307 2230 367 2303 via,
383 2229 437 2287 ille
451 2230 533 2289 bello
551 2230 602 2289 hic
621 2238 706 2305 pace,
722 2228 883 2288 civitatem
898 2235 1060 2288 auxerunt.
1103 2228 1259 2289 Romulus

308 2331 426 2403 septem
441 2331 472 2385 et
488 2326 620 2401 triginta
641 2326 785 2401 regnavit
805 2335 913 2400 annos,
927 2326 1034 2385 Numa
1053 2332 1118 2385 tres
1132 2330 1164 2385 et
1184 2344 1259 2402 qua

307 2422 460 2498 draginta.
504 2423 582 2483 Cum
597 2422 703 2482 valida
716 2427 784 2481 tum
798 2427 972 2499 temperata
985 2428 1017 2481 et
1031 2422 1107 2482 belli
1121 2428 1153 2481 et
1169 2422 1259 2499 pacis

307 2519 426 2579 artibus
441 2524 509 2578 erat
522 2518 643 2577 civitas

346 2616 392 2673 22.
421 2616 544 2674 Numae
558 2620 657 2674 morte
672 2615 712 2674 ad
728 2615 943 2689 interregnum
960 2624 1010 2675 res
1031 2616 1133 2675 rediit.
1176 2615 1258 2675 Inde

306 2711 433 2771 Tullum
453 2711 637 2786 Hostilium,
662 2717 807 2789 nepotem
828 2712 959 2786 Hostili,
983 2712 1073 2771 ouius
1094 2712 1127 2769 in
1148 2710 1259 2772 infima

306 2827 374 2868 arce
399 2808 483 2867 clera
504 2818 609 2885 pugna
631 2808 781 2867 adversus
801 2808 932 2867 Sabinos
953 2808 1066 2882 iuerat,
1081 2818 1185 2883 regem
1205 2827 1259 2885 po
1327 2815 1329 2820 '

254 2994 371 3041 contains
381 2999 432 3040 two
442 3007 514 3041 cases
524 2994 552 3040 of
562 2993 712 3053 hendiadys,
718 3006 784 3051 prox
801 3027 807 3038 .
825 3028 830 3039 .
849 3028 854 3039 .
871 2994 939 3041 metii
948 2994 1025 3053 being
1035 2995 1086 3041 abl.
1098 2996 1153 3042 abs.
1183 2995 1206 3039 3.
1223 3005 1258 3041 ex

256 3098 261 3108 .
281 3097 285 3109 .
304 3096 309 3109 .
326 3061 419 3120 speci:
442 3063 496 3120 ioin
511 3063 575 3108 with
584 3063 655 3119 fdus,
671 3064 716 3109 the
731 3062 822 3120 partic.
842 3063 995 3120 (profluens)
1013 3063 1090 3121 being
1104 3062 1211 3109 omitted
1227 3076 1258 3109 as

254 3132 325 3177 often
336 3132 362 3176 in
373 3132 401 3175 L.
431 3131 485 3177 The
495 3144 572 3188 grove
582 3144 636 3176 was
646 3131 701 3189 just
712 3131 812 3176 outside
822 3131 865 3176 the
876 3131 955 3176 Porta
968 3128 1185 3189 Capena—quia
1201 3163 1207 3173 .
1226 3164 1231 3175 .
1250 3164 1256 3176 .

254 3198 336 3257 qued:
353 3200 397 3245 the
408 3198 465 3244 first
476 3199 561 3245 clause
573 3198 645 3256 gives
655 3199 707 3244 L.’s
719 3211 817 3252 reason,
829 3199 872 3244 the
883 3198 976 3244 second
990 3198 1106 3244 Numa’s.
1136 3202 1159 3244 4.
1178 3196 1218 3244 Ad
1228 3196 1258 3245 id

253 3278 289 3313 s:
307 3272 331 3313 to
347 3268 392 3312 ber
406 3266 502 3321 chaine,
519 3280 551 3311 on
570 3267 613 3311 the
633 3265 748 3323 Capit013
765 3267 793 3311 id
808 3266 850 3311 for
866 3267 930 3322 cius,
946 3279 974 3311 as
990 3264 1184 3325 often—bigis
1201 3298 1206 3309 .
1226 3298 1231 3309 .
1250 3299 1256 3311 .

253 3333 378 3382 ucuatb:
400 3348 417 3380 c
437 3334 568 3381 two-horse
593 3335 696 3379 covered
722 3346 775 3379 car.
811 3336 834 3379 5.
855 3332 968 3391 Argeos:
988 3333 1104 3390 Ohapels,
1125 3335 1152 3379 oi
1171 3332 1258 3380 which

253 3404 325 3449 there
340 3415 407 3449 were
422 3403 451 3447 24
465 3402 492 3447 in
507 3403 550 3447 the
566 3402 627 3459 city.

293 3468 385 3518 22-25.
406 3469 542 3515 Accession
553 3469 580 3514 oi
590 3469 680 3515 Tullus
693 3469 827 3514 Hostilius.
862 3468 921 3514 War
931 3469 994 3515 with
1004 3468 1079 3515 Alba.
1111 3469 1258 3517 Noticethe

253 3537 392 3595 simplicity
402 3536 453 3581 and
463 3535 591 3581 clearness
601 3536 628 3581 oi
643 3537 687 3581 the
697 3541 813 3583 account.
