2834 4117
573 322 690 372 LIBER'
706 323 720 371 1
1104 319 1156 383 31·

144 496 330 573 suffragium
359 497 452 571 ineat,
481 497 514 555 in
543 498 695 558 incertum
724 499 920 559 comitiorum
948 507 1095 560 eventum

142 599 250 671 patres
275 598 416 654 austeres
438 594 531 653 fiunt.
574 596 654 653 Tum
679 595 818 654 interrex
840 597 983 658 centiene
1005 599 1096 658 advo
1117 612 1145 657 10
1214 595 1216 598 ’

143 696 216 751 cata
251 692 365 761 “Quod
394 691 507 750 bonum
535 692 676 751 faustum
704 692 846 770 felixque
874 694 946 768 sit‚''
980 694 1093 773 inquit,

145 792 163 823 “
173 787 320 863 Quirites,
336 796 440 864 regem
454 793 573 847 create:
596 788 642 848 ita
659 790 801 866 patribus
815 800 918 850 visum
939 797 995 851 est.
1037 794 1095 852 Pa

143 890 208 943 tres
223 884 344 959 deinde,
361 895 389 945 si
402 886 541 961 dignum,
553 896 608 963 qui
620 887 773 946 secundus
788 888 827 946 ab
841 888 977 949 Romule
990 909 1095 949 nume·

143 986 231 1039 retur
245 981 395 1056 crearitis,
411 987 552 1042 aucteres
568 982 679 1042 fient.’'
720 982 810 1043 Adee
825 984 857 1042 id
872 991 995 1059 gratum
1009 986 1095 1063 plebi
1116 998 1143 1043 11

143 1077 216 1154 fuit,
226 1084 271 1153 ut,
280 1088 320 1136 ne
331 1078 408 1137 victi
417 1078 568 1138 beneficia
579 1079 769 1154 viderentur,
779 1079 813 1138 id
823 1081 915 1139 modo
927 1089 1095 1142 sciscerent

144 1174 358 1252 iuberentque,
368 1180 404 1233 ut
415 1180 542 1235 senatus
554 1175 733 1235 decerneret
747 1186 803 1252 qui
811 1178 929 1237 Remae
940 1185 1091 1255 regnaret.

184 1271 230 1330 18.
260 1271 378 1331 Inclita
402 1271 526 1331 iustitia
552 1272 726 1349 religioque
751 1282 788 1332 ea
815 1279 1003 1351 tempestate
1030 1277 1094 1335 Nu-

142 1386 212 1427 mae
226 1366 375 1444 ‚Pompili
403 1374 477 1428 erat.
521 1368 654 1429 Curibus
681 1369 805 1429 Sabinis
830 1369 1002 1447 habitabat,
1026 1383 1094 1433 cen-

144 1464 336 1524 sultissimus
347 1464 405 1538 vir,
417 1470 453 1523 ut
466 1465 500 1523 in
514 1465 571 1525 illa
581 1466 748 1542 quisquam
762 1485 829 1526 esse
844 1474 947 1527 aetate
961 1475 1092 1546 poterat,

143 1561 245 1621 omnis
272 1561 375 1620 divini
402 1567 495 1638 atque
526 1562 656 1621 humani
687 1562 772 1621 iuris.
828 1564 998 1624 Aucterem
1027 1567 1094 1625 doc
1129 1588 1143 1631 2

142 1663 245 1717 trinae
273 1657 350 1732 eius,
378 1657 453 1734 quia
485 1667 548 1718 nen
582 1664 686 1719 exstat
717 1660 808 1733 alius,
837 1660 919 1721 false
954 1663 1093 1722 Samium

142 1754 355 1833 Pythagoram
391 1754 496 1829 edunt,
532 1773 624 1831 quem
661 1756 769 1816 Servii)
803 1757 909 1817 Tullia
943 1765 1093 1834 regnante

142 1851 262 1911 Ramae
283 1856 409 1911 centum
431 1851 565 1929 amplius
586 1858 658 1929 post
678 1862 776 1912 annes
797 1853 830 1911 in
849 1854 962 1914 ultima
980 1845 1093 1916 italiae

143 1956 197 2008 era
231 1948 314 2007 circa
347 1949 563 2025 Metapontum
602 1949 851 2027 Heracleamque
890 1957 922 2009 et
959 1952 1095 2013 Crotona

143 2044 291 2103 iuvenum
320 2044 544 2105 aemulantium
578 2045 684 2105 studia
716 2052 822 2106 coetus
851 2047 999 2109 habuisse
1026 2060 1094 2109 cen-

143 2146 215 2201 stat.
271 2141 322 2199 Ex
352 2141 466 2217 quibus
500 2142 586 2217 locis,
615 2147 676 2202 etsi
693 2142 845 2203 eiusdem
876 2146 989 2205 aetatis
1018 2146 1095 2207 fuis·
1129 2162 1144 2206 3

143 2243 199 2312 set,
215 2256 295 2315 quae
317 2237 403 2298 fama
425 2238 459 2296 in
481 2238 638 2298 Sabinas?
660 2244 715 2298 aut
729 2250 790 2317 que
811 2240 936 2316 linguae
950 2260 1095 2301 commer-

142 2334 190 2393 cie
213 2352 401 2411 quemquam
432 2336 473 2394 ad
503 2334 709 2412 cupiditatem
739 2336 880 2397 discendi
901 2339 1093 2399 excivisset?

142 2440 243 2506 queve
257 2430 415 2507 praesidia
429 2441 509 2491 imus
527 2451 582 2509 per
596 2437 644 2491 tot
663 2438 772 2508 gentes
789 2434 931 2495 dissonas
953 2444 1093 2494 sermene

142 2527 343 2604 maribusque
358 2528 579 2605 pervenisset?
609 2528 725 2606 Suepte
737 2530 834 2606 igitur
844 2530 970 2606 ingenie
980 2537 1095 2608 tempe·
1129 2554 1144 2598 4

141 2629 245 2683 ratum
265 2623 404 2684 animum
418 2625 587 2685 virtutibus
602 2625 702 2685 fuisse
717 2636 826 2703 opinor
840 2627 949 2702 magis,
964 2634 1094 2687 instric-

142 2725 272 2797 tumque
296 2726 448 2781 nontam
472 2730 644 2798 peregrinis
669 2722 789 2783 artibus
811 2742 904 2801 quam
926 2724 1094 2801 disciplina

182 2931 225 2980 18.
245 2932 362 2979 Election
387 2933 415 2979 oi
439 2933 531 2979 Numa.
564 2934 584 2977 1.
603 2933 707 2980 Numae
731 2934 804 2992 (ahin
820 2938 847 2980 to
867 2934 959 2992 νόμος);
985 2936 1029 2982 the
1052 2949 1144 2996 epony-

143 3014 215 3047 mous
238 3002 332 3047 author
351 3002 379 3047 of
404 3002 447 3047 the
466 3000 565 3047 Roman
585 3006 681 3059 system
702 3002 730 3047 oi
754 3002 875 3060 religious
896 3004 1144 3063 ceramum—cen-

143 3066 313 3115 sultissimus
329 3103 334 3114 .
353 3102 358 3113 .
378 3103 382 3113 .
399 3070 521 3126 poterat:
544 3070 707 3127 acqaciated,
725 3083 755 3115 os
768 3072 819 3127 sar
838 3084 867 3117 as
885 3084 939 3128 any
955 3083 1002 3118 cac
1021 3072 1096 3119 could
1116 3072 1143 3118 be

142 3136 172 3181 ia
188 3137 244 3183 that
261 3150 317 3194 ope.
352 3136 494 3195 erirqaam
504 3137 604 3194 implies
615 3138 673 3183 that
683 3151 716 3183 no
727 3151 775 3183 one
785 3138 835 3184 had
846 3140 970 3195 complete
983 3140 1142 3199 knowledge.

142 3205 164 3249 2.
183 3204 339 3251 Auctdrem:
367 3205 474 3251 toacher.
513 3206 540 3249 L.
557 3204 708 3252 disbelieves
730 3207 774 3251 the
795 3206 919 3252 tradition
939 3221 972 3253 on
992 3212 1101 3254 account
1116 3208 1144 3254 oi

143 3273 186 3319 the
201 3272 381 3319 anachronism
398 3273 527 3328 involved,
545 3273 596 3318 and
611 3273 666 3319 also
681 3286 715 3319 on
730 3279 838 3319 account
853 3274 881 3319 oi
901 3276 945 3321 the
962 3275 1144 3334 impossibility

143 3340 171 3385 oi
189 3340 405 3387 communication
422 3341 538 3386 between
558 3341 601 3385 the
618 3343 670 3386 two
690 3354 748 3387 men
768 3342 853 3400 owing
870 3346 897 3388 to
917 3343 1040 3399 distance,
1056 3342 1144 3389 differ-

143 3421 203 3455 ence
219 3409 247 3455 ot
264 3408 399 3466 language,
417 3408 468 3453 and
489 3409 532 3453 the
552 3408 684 3455 character
704 3409 732 3454 oi
752 3410 795 3455 the
815 3410 911 3467 peoplc.
949 3412 971 3455 3.
992 3409 1079 3457 tama:
1106 3424 1141 3457 sc.

143 3477 231 3523 adlata
246 3480 328 3532 essem
344 3475 423 3531 fama
438 3476 460 3521 is
476 3477 519 3522 the
534 3476 634 3534 subject
649 3476 676 3522 oi
691 3478 831 3523 excivisset.
868 3480 891 3522 4.
911 3475 1031 3535 ingenie:
1056 3480 1142 3524 notive

143 3543 339 3600 talents,abl.oi
348 3540 594 3590 cause—artibus:
611 3542 925 3602 materne-disciplina:
939 3546 1142 3602 madrasiam.-
