2834 4117
265 292 305 355 26
677 301 754 351 rrrr
775 300 856 349 nrvr

278 493 291 537 r
314 477 442 537 Fidenis
467 477 553 535 mille
578 496 728 554 passuum
752 476 843 536 locat.
886 478 936 538 Ibi
960 478 1081 537 modice
1108 478 1266 556 praesidie

314 574 432 648 relicte,
452 583 593 649 egressus
611 574 755 633 omnibus
774 574 873 651 cepiis
890 579 1012 652 partem
1031 574 1168 634 militum
1189 575 1266 635 locis

314 672 396 730 circe
407 671 505 730 densa
515 670 617 730 obsita
627 670 766 747 virgulta
776 672 914 731 obscuris
926 671 1086 732 subsidere
1096 672 1130 731 in
1141 672 1267 733 insidiis

314 768 423 843 iussit3
445 786 515 828 cum
537 773 625 845 parte
646 769 763 828 meiere
784 774 879 846 atque
898 778 983 827 omni
1004 769 1148 846 equitate
1167 769 1269 846 profe

315 870 393 940 otus,
408 865 443 923 id
458 865 542 941 quod
557 866 735 942 quaerebat,
752 866 947 926 tumultuese
966 870 999 925 et
1019 866 1134 925 mineci
1155 884 1268 942 genere

315 971 436 1038 pugnae
452 961 661 1039 adequitando
676 961 754 1039 ipsis
768 980 865 1039 prope
880 968 979 1039 portis
998 962 1122 1027 hostem
1140 962 1266 1022 excivit.

316 1060 419 1134 Fugae
439 1077 570 1135 quoque,
588 1076 667 1135 quae
689 1058 867 1118 simulanda
886 1064 962 1133 erat,
982 1059 1090 1118 eadem
1112 1058 1268 1137 equestris

280 1172 294 1216 8
316 1164 422 1232 pugna
435 1173 560 1214 eausam
575 1155 678 1214 minus
697 1155 871 1214 mirebilem
891 1155 986 1214 dedit.
1029 1159 1068 1215 Et
1089 1175 1158 1215 oum
1180 1156 1269 1215 velut

316 1252 399 1310 inter
419 1261 542 1329 pugnae
559 1252 715 1329 fugaeque
738 1252 903 1312 censilium
924 1252 1103 1329 trepidante
1124 1252 1270 1329 equitate

317 1349 411 1425 pedes
433 1367 556 1425 quoque
578 1349 712 1408 referret
733 1350 873 1423 gradum,
895 1349 998 1426 plenis
1019 1356 1147 1427 repente
1168 1354 1269 1427 portis
1304 1360 1312 1377 ⁸

317 1446 410 1504 effusi
436 1445 552 1521 hostes,
575 1446 713 1522 impulse
737 1449 876 1506 Remene
902 1446 978 1521 acie,
1000 1446 1105 1506 studie
1129 1446 1270 1506 instandi

281 1557 296 1602 9
318 1542 529 1619 sequendique
554 1543 725 1602 trahuntur
749 1542 790 1602 ad
814 1542 914 1602 locum
944 1543 1138 1603 insidiarum.
1189 1543 1270 1602 Inde

318 1640 422 1699 subite
446 1645 547 1699 exorti
571 1643 705 1699 Remeni
724 1645 936 1699 transversam
957 1639 1110 1699 invadunt
1129 1640 1270 1700 hostium

318 1736 432 1812 aciem3
455 1737 576 1796 addunt
596 1746 743 1813 paverem
764 1742 887 1796 metae
908 1742 1020 1797 castris
1042 1746 1133 1813 signa
1152 1746 1269 1811 eerum,

319 1843 374 1909 qut
387 1834 421 1892 in
435 1833 591 1910 praesidio
606 1834 708 1893 relicti
722 1835 858 1893 fuerant.
901 1834 953 1893 Ita
966 1833 1135 1910 multiplici
1152 1840 1271 1893 terrere

319 1930 454 2006 perculsi
469 1930 643 2003 Fidenates,
658 1931 747 2007 prius
762 1949 861 2007 paene
876 1949 968 2007 quam
987 1931 1136 1990 Remulus
1154 1940 1271 2007 quique

318 2046 388 2085 cum
403 2037 439 2086 ee
453 2027 575 2104 equites
590 2033 679 2087 erant
694 2027 940 2103 circumagerent
953 2028 1052 2087 frenis
1067 2036 1171 2105 equeS,
1183 2033 1272 2102 terga

269 2143 298 2188 10
318 2129 455 2198 vertunt,
467 2123 629 2201 multeque
641 2124 782 2197 effusius,
795 2124 911 2201 quippe
925 2133 1000 2184 vere
1013 2125 1099 2199 fuge,
1110 2134 1164 2201 qui
1179 2124 1272 2184 simu·
1322 2107 1326 2112 ’

319 2220 421 2280 lantes
445 2220 539 2297 paule
562 2227 634 2280 ante
657 2225 757 2279 secuti
781 2226 879 2295 erant,
903 2220 1053 2297 oppidum
1077 2221 1270 2296 repetebant.

270 2331 296 2376 11
318 2318 392 2377 Nen
414 2322 521 2377 tamen
543 2318 685 2394 eripuere
707 2326 740 2376 se
764 2316 866 2376 hosti:
894 2317 1027 2376 haerens
1049 2316 1084 2375 in
1103 2323 1192 2393 terge
1212 2318 1273 2377 Rc

319 2424 439 2494 memus,
455 2414 637 2491 priusquam
665 2414 750 2473 fores
778 2419 938 2491 porterum
967 2413 1171 2491 obicerentur,
1184 2414 1273 2473 velut

319 2511 443 2587 agmine
458 2520 520 2570 une
535 2510 696 2587 inrumpit.

360 2609 406 2667 15.
437 2608 521 2667 Belli
547 2607 711 2667 Fidenatis
739 2599 923 2684 contegiene
947 2607 1071 2667 inriteti
1090 2606 1272 2667 Veientium

320 2705 417 2765 animi
444 2710 476 2764 et
507 2703 914 2781 consanguinitate-nam
945 2704 1115 2763 Fidenates
1150 2722 1272 2781 quoque

319 2803 447 2862 Etresci
467 2801 690 2860 fuerunt—et
712 2802 796 2877 quod
818 2801 888 2878 ipsa
909 2800 1128 2877 propinquitas
1152 2800 1222 2874 loct,
1245 2810 1274 2860 si
1350 2827 1352 2831 ⁴

307 2985 329 3029 6.
350 2980 438 3029 mllle:
460 2995 512 3028 acc.
544 2984 566 3028 7.
587 2980 703 3028 modice:
721 2982 854 3039 sufficient,
866 2994 894 3027 as
909 2980 936 3025 in
951 2981 988 3026 21.
1003 2982 1041 3026 61.
1052 2976 1271 3037 4.-prcssidi6:

269 3056 361 3108 troops,
373 3052 399 3096 in
414 3050 426 3107 5
442 3052 457 3096 9
472 3064 553 3107 comp.
563 3049 663 3096 —lccis
681 3084 686 3094 .
705 3083 711 3094 .
729 3083 735 3095 .
751 3047 870 3095 insidiis:
888 3053 912 3093 to
928 3048 961 3094 lie
976 3049 1005 3094 in
1021 3048 1130 3094 ambusti
1145 3050 1174 3094 in
1185 3048 1273 3105 places

268 3119 364 3165 hidden
380 3119 438 3164 here
454 3120 508 3165 ond
529 3119 597 3164 there
614 3118 692 3163 about
711 3118 751 3162 tte
772 3117 843 3163 tttctc
863 3114 1107 3163 cumrerum-id
1124 3149 1129 3160 .
1148 3149 1153 3159 .
1172 3149 1177 3159 .
1193 3126 1273 3172 quss-

268 3184 360 3233 rebst:
380 3187 421 3233 the
436 3199 497 3244 very
514 3186 589 3243 thing
605 3186 635 3231 he
651 3186 759 3239 destred,
771 3185 853 3231 refers
868 3190 895 3230 to
910 3185 1007 3230 hostem
1022 3182 1273 3240 excivit-adequi-

267 3253 364 3301 tanddt
385 3268 439 3312 ger.
451 3255 594 3312 appositive
605 3258 631 3299 to
641 3266 742 3311 genere.
773 3254 795 3298 8.
817 3252 907 3299 velut:
924 3253 988 3298 with
998 3252 1089 3309 partio.
1099 3264 1128 3297 as
1139 3252 1165 3296 in
1176 3265 1197 3297 c.
1209 3254 1232 3296 4.
1242 3252 1270 3308 53

268 3324 304 3367 31.
317 3325 375 3368 3.-
381 3320 482 3380 plenis:
499 3324 528 3369 ia
540 3323 644 3377 monde,
654 3334 669 3367 a
680 3322 840 3368 transferred
855 3322 908 3379 adj.
939 3322 961 3366 9.
983 3317 1201 3378 circumagerent
1217 3352 1223 3362 .
1241 3352 1247 3363 .
1265 3354 1270 3365 .

268 3390 363 3447 equis:
381 3391 456 3436 could
471 3392 527 3437 rein
538 3393 567 3437 iu
583 3390 650 3437 their
664 3390 759 3435 torres.
790 3391 827 3435 10.
848 3388 927 3448 iuga:
945 3388 1030 3434 modal
1044 3387 1096 3433 abl.
1127 3388 1156 3432 In
1167 3401 1189 3432 o.
1200 3388 1237 3433 27.
1249 3388 1271 3433 3.

268 3458 296 3502 L.
308 3458 436 3504 mentions
447 3471 462 3504 a
473 3459 565 3517 colony
575 3462 632 3504 sent
643 3462 670 3504 to
682 3458 802 3503 Fidenae.

309 3524 351 3573 rt.
372 3526 435 3572 War
449 3526 513 3573 with
528 3526 593 3573 Veii.
623 3528 645 3571 1.
665 3523 787 3572 mutan:
808 3538 843 3571 sc.
859 3523 1009 3572 suist-si:
1028 3525 1072 3570 the
1087 3523 1234 3569 conclusion
1249 3523 1272 3571 is
