2834 4117
594 287 705 355 eman
730 306 744 354 1
1127 298 1168 364 17

167 501 235 541 ram
257 482 424 541 virtatem:
447 481 578 559 proinde
600 492 638 541 na
661 487 865 557 gravarentur
885 481 1027 542 homines
1048 501 1119 541 oum

167 578 346 639 hominibus
374 578 557 653 sanguinem
587 596 621 638 ao
650 597 748 655 genus
773 578 911 637 miscare.
954 579 1120 655 Nusquam
1155 592 1170 637 o

167 675 301 749 benigna
325 675 441 751 legatio
469 676 577 735 audita
604 681 667 734 est:
694 676 771 734 adeo
800 675 893 734 simul
921 675 1118 752 spernebant,

110 796 154 829 ſs
168 771 262 831 simul
276 777 396 831 tantam
410 772 445 830 in
465 772 568 831 madio
589 778 779 832 crescentem
800 772 912 831 molem
932 771 993 831 sibi
1013 791 1049 831 ac
1070 792 1120 850 po
1208 839 1210 846 ¹

168 874 261 928 steris
283 878 348 929 suis
372 869 562 930 metuebant.
604 857 634 927 Ᾱ
659 867 817 945 plerisque
842 868 1051 943 rogitantibus
1077 869 1122 927 di-

167 964 266 1040 missi,
281 966 400 1042 ecquod
420 965 548 1025 feminis
570 984 694 1042 quoque
709 965 830 1043 asylum
851 965 1064 1042 aperuissent:
1087 965 1121 1024 id

168 1062 252 1121 enim
264 1062 388 1121 demum
397 1070 523 1139 compar
533 1062 702 1122 conubium
716 1062 791 1121 fore.
819 1062 922 1136 Aegra
932 1061 967 1120 id
978 1062 1121 1121 Romana
1156 1078 1171 1123 6

166 1158 265 1235 pribes
280 1177 381 1235 passa,
397 1164 429 1217 et
442 1158 527 1218 haud
541 1159 635 1218 dubie
650 1158 690 1217 ad
703 1158 767 1217 vim
785 1163 925 1234 spectare
944 1167 993 1217 res
1007 1157 1118 1235 coepit.

96 1310 99 1315 .
167 1255 227 1315 Cui
241 1260 363 1331 tempus
379 1254 543 1332 locumque
558 1261 667 1334 aptum
681 1260 718 1313 ut
738 1255 827 1313 daret
845 1247 1008 1329 Romulus,
1025 1255 1121 1330 aegri-

168 1351 310 1410 tudinem
335 1352 434 1411 animi
458 1351 660 1411 dissimulans
682 1351 773 1411 ladas
795 1370 834 1410 ex
854 1351 1010 1411 industria
1031 1357 1121 1428 parat

166 1426 318 1524 Neptunii
332 1449 482 1525 Equestri
496 1448 673 1523 sollemnis,
697 1447 867 1508 Consualia
880 1454 978 1508 vocat.
1015 1449 1121 1507 Indici
1156 1456 1170 1502 i

168 1544 282 1603 deinde
302 1544 452 1605 finitimis
477 1538 696 1623 spectaculum
711 1545 807 1619 iubet,
829 1550 1009 1621 quantoque
1030 1564 1122 1623 appa

168 1646 240 1700 ratri
261 1646 329 1700 tum
351 1641 492 1701 sciebant
512 1646 567 1701 aut
588 1646 734 1718 poterant
755 1641 982 1716 concelebrant,
998 1647 1035 1700 ut
1054 1661 1120 1701 rem

168 1737 284 1797 olaram
299 1743 574 1815 exspectatamque
588 1738 737 1797 iacerent.
780 1738 877 1797 Multi
891 1738 1039 1797 mortales
1053 1757 1132 1797 con--
1157 1753 1171 1797 8

168 1843 291 1908 venere,
316 1835 421 1894 studio
446 1834 543 1894 etiam
566 1835 720 1894 videndae
740 1852 840 1893 novae
864 1835 960 1909 urbis,
985 1835 1121 1894 maxima

168 1930 305 2007 proximi
316 1940 441 2008 quique,
454 1932 671 2006 Caeninenses
683 1932 887 2006 Crustumini,
897 1931 1119 2006 Antemnates,

168 2026 232 2086 iam
255 2026 441 2087 Sabinorum
465 2028 566 2087 omnis
585 2027 757 2088 multitudo
775 2047 845 2087 cum
867 2028 975 2087 liberis
997 2046 1032 2087 ac
1053 2047 1122 2087 con·
1156 2044 1171 2088 o

168 2123 294 2199 iugibus
314 2124 410 2183 venit.
452 2126 588 2184 Invitati
611 2124 812 2202 hospitaliter
835 2144 892 2202 per
919 2126 1025 2185 domos
1050 2144 1121 2184 cum

168 2220 266 2280 situm
276 2202 459 2299 moeniaque
471 2226 502 2280 et
516 2221 713 2298 frequentem
727 2227 820 2281 tactis
834 2221 942 2281 urbem
956 2222 1119 2298 vidissent,

168 2323 323 2376 mirantur
349 2324 415 2377 tarn
442 2318 531 2377 brevi
558 2336 624 2376 rem
658 2318 832 2377 Romanam
869 2318 1011 2378 oravisse.
1055 2318 1120 2379 Ubi
1143 2328 1171 2372 10

169 2414 340 2491 spectaculi
363 2420 488 2491 tempus
516 2415 612 2489 venit,
635 2414 822 2491 deditaeque
844 2423 880 2474 eo
904 2420 1025 2475 mentes
1049 2434 1120 2474 cum

168 2510 267 2570 oculis
282 2516 379 2586 erant,
395 2517 462 2570 tum
477 2530 516 2571 ex
531 2511 702 2587 composito
717 2517 786 2571 orta
803 2520 862 2586 vis,
878 2521 1029 2588 signoque
1046 2512 1120 2572 dato

168 2607 315 2668 iuventas
344 2609 486 2667 Romana
513 2608 553 2667 ad
585 2607 751 2684 rapiendas
787 2607 925 2683 virgines
961 2608 1117 2668 discurrit.

168 2704 286 2779 Magna
299 2722 371 2782 pars
387 2705 479 2780 forte,
494 2704 529 2762 in
548 2723 640 2782 quem
660 2722 802 2781 quaeque
823 2704 985 2779 inciderat,
1001 2711 1117 2783 raptae.
1141 2720 1168 2764 11

167 2850 280 2909 proinde
293 2886 297 2897 .
311 2885 317 2897 .
331 2849 482 2898 ¹homines:
499 2851 623 2907 therefore
635 2850 668 2897 let
679 2850 748 2897 them
758 2855 803 2896 not
813 2851 921 2897 acritate
931 2864 962 2897 us
972 2865 1047 2908 men;
1060 2853 1168 2909 proinde

167 2920 314 2965 introduces
324 2932 340 2965 a
350 2920 495 2966 conclusion
506 2920 563 2964 that
574 2919 596 2965 is
606 2918 660 2965 also
671 2932 704 2965 an
716 2920 889 2965 exhortaticn.
912 2921 934 2964 5.
950 2916 979 2965 id
991 2953 997 2964 .
1011 2953 1016 2964 .
1029 2954 1035 2964 .
1047 2917 1167 2967 demum:

162 2987 209 3045 sor
224 2986 279 3033 ibat
294 2988 363 3044 only.
398 2990 421 3032 (i.
442 2985 557 3044 pabit:
567 2988 678 3042 iuvenes,
690 3000 719 3032 as
734 2986 761 3030 in
774 3000 796 3032 c.
805 2988 828 3032 6.
841 2984 962 3032 1.-oui:
979 2988 1060 3033 refers
1069 2992 1096 3033 to
1106 2989 1167 3033 vim.

166 3056 189 3101 t.
211 3053 366 3109 diurnalia:
382 3068 469 3113 gemes
480 3054 623 3100 celebrated
634 3067 666 3100 on
677 3054 720 3100 the
731 3055 784 3099 ilst
795 3054 823 3099 oi
836 3053 938 3111 August
948 3055 999 3100 and
1011 3055 1068 3100 leth
1078 3056 1107 3101 of
1121 3055 1169 3101 De-

166 3124 268 3169 cember
278 3124 304 3168 in
316 3125 397 3169 honor
407 3123 434 3168 oi
445 3136 478 3169 an
489 3122 531 3168 old
543 3122 635 3169 Italian
646 3121 726 3179 deity,
736 3122 819 3168 whom
830 3122 858 3167 L.
866 3122 926 3168 here
937 3122 1029 3179 tacitly
1039 3123 1168 3169 identifies

166 3191 231 3237 with
241 3192 368 3249 Neptune,
380 3192 430 3237 and
441 3191 507 3246 who,
519 3203 547 3236 es
558 3191 602 3237 the
615 3190 817 3247 representative
833 3191 860 3236 oi
875 3191 919 3236 the
935 3190 1020 3236 Greek
1034 3191 1167 3246 Poseidon,

166 3272 220 3306 was
237 3260 280 3305 the
298 3260 388 3305 maker
405 3260 433 3305 oi
450 3259 494 3305 the
512 3259 600 3315 horse;
621 3259 699 3304 hence
718 3256 1082 3316 equestri-eoneelebrant:
1104 3271 1168 3304 were

165 3330 306 3384 prepariny
317 3332 341 3372 to
353 3328 483 3374 celebrate.
514 3328 536 3371 8.
558 3325 634 3373 (laen.
646 3324 733 3371 (1111111.
744 3324 865 3372 intem:
880 3327 956 3373 Latin
972 3326 1073 3384 peoples
1087 3325 1114 3371 in
1124 3327 1168 3372 the

165 3397 275 3455 vicinity
285 3397 313 3443 of
323 3397 409 3443 Rome.
440 3398 462 3442 9.
483 3394 551 3442 lem:
562 3396 674 3453 strictim
691 3397 763 3441 often
773 3396 798 3441 in
811 3409 826 3441 a
837 3409 970 3455 summary
980 3396 1044 3441 with
1057 3397 1101 3443 the
1116 3398 1168 3442 last

166 3463 501 3523 member.·-irequeutem
516 3465 551 3510 t:
573 3475 714 3511 numerous
729 3464 869 3521 dwellinpr.
901 3465 937 3510 10.
958 3462 1003 3511 eb:
1024 3468 1052 3509 to
1067 3466 1111 3511 the
1126 3478 1168 3511 ex·

165 3533 381 3579 bibition-vie:
399 3532 572 3579 disturbance.
603 3533 640 3576 11.
661 3529 733 3577 iorte
745 3565 751 3577 .
765 3564 771 3577 .
784 3565 790 3577 .
801 3529 948 3579 inciderat:
964 3532 1073 3579 without
1084 3534 1167 3579 choica

331 3619 347 3655 0
