2834 4117
689 272 766 321 TI'l'l
787 270 867 321 Livi

327 444 460 521 singulis
485 447 642 507 mensibus
668 446 744 507 lima
770 457 833 508 non
861 447 976 525 explet,
1004 448 1182 525 desuntque
1209 446 1276 508 dies

328 542 428 603 solido
444 554 534 619 anno,
550 554 605 623 qui
623 544 785 605 solstitiali
805 545 1026 621 circumagitur
1047 546 1129 620 orbe,
1148 545 1277 605 interca

327 639 415 700 leriis
429 641 588 702 mensibus
604 641 841 719 interponendis
856 642 903 701 ita
922 641 1127 719 dispensavit,
1142 647 1178 701 ut
1198 650 1279 700 vice

328 736 407 796 simo
428 747 509 798 anno
530 739 571 797 ad
591 744 708 799 metam
729 738 858 798 eandem
880 738 965 813 solis,
980 738 1062 797 unde
1083 748 1147 799 orsi
1162 744 1279 814 essent,

327 834 430 911 plenis
459 835 596 894 omnium
624 845 778 896 annorum
813 835 925 912 spatiis
961 836 1028 895 dies
1063 842 1278 911 congruerent.

293 920 418 989 iidem
445 932 586 992 nefastos
614 932 681 992 dies
708 932 871 1009 festosque
899 931 984 1006 fecit,
1008 931 1083 1009 quia
1109 932 1281 1009 aliquando

328 1027 410 1086 nihil
430 1046 501 1107 cum
522 1027 637 1105 populo
659 1038 712 1103 agi
733 1028 812 1087 etile
835 1029 979 1087 futurum
1001 1034 1076 1088 erat.

368 1124 416 1183 20.
446 1126 526 1184 Tum
555 1125 768 1185 sacerdotibus
798 1125 942 1184 creandis
978 1124 1117 1184 animum
1152 1125 1280 1200 adiecit,

329 1240 517 1299 quamquam
531 1220 599 1299 ipse
613 1221 750 1299 plurima
763 1240 851 1281 sacra
864 1222 978 1295 obibat,
993 1240 1031 1281 ea
1048 1221 1184 1281 menime
1200 1241 1282 1299 quae

293 1335 308 1380 2
328 1336 412 1377 nunc
426 1318 466 1377 ad
480 1318 604 1378 Dielem
619 1317 777 1377 fleminem
796 1318 964 1395 pertinent.
1009 1318 1070 1377 Sed
1091 1318 1167 1395 quia
1186 1318 1220 1375 in
1241 1328 1282 1377 ci-

329 1414 429 1474 vitete
449 1414 598 1475 bellicose
618 1415 724 1492 plores
745 1415 874 1474 Romuli
894 1434 988 1491 quam
1008 1415 1131 1474 Numae
1160 1414 1281 1475 similes

329 1520 418 1587 reges
435 1511 567 1588 putebat
585 1512 662 1586 iore,
677 1510 839 1588 iturosque
857 1511 943 1587 ipsos
964 1510 1005 1571 ad
1025 1511 1117 1586 bella,
1132 1520 1171 1570 ne
1192 1530 1282 1571 sacra

270 1598 274 1603 ’
330 1600 434 1683 regiae
461 1607 539 1668 vicis
568 1608 793 1683 desererentur,
821 1607 980 1667 fleminem
1008 1608 1078 1667 Iovi
1094 1678 1097 1681 ⁴
1113 1608 1281 1668 adsiduum

331 1704 523 1765 sacerdotem
534 1704 660 1778 creavit,
673 1714 852 1782 insignique
861 1722 932 1763 eum
942 1710 1029 1764 veste
1041 1710 1073 1764 et
1083 1704 1185 1763 curoli
1195 1704 1282 1780 regie

331 1800 410 1861 selle
437 1801 610 1862 adornavit.
666 1801 753 1861 Huic
775 1802 852 1861 duos
872 1800 1016 1861 flemines
1037 1801 1160 1876 adiecit,
1182 1802 1283 1860 Merti

295 1914 310 1959 3
330 1906 437 1972 riuum,
448 1898 582 1958 alterum
597 1898 743 1974 Quirino3
760 1898 959 1975 virginesque
970 1899 1086 1958 Vestae
1100 1897 1186 1973 legit,
1198 1898 1282 1957 Albe

330 1993 497 2054 oriundum
508 1994 716 2056 sacerdotium
725 2000 757 2053 et
766 2000 852 2070 genti
861 1994 1031 2054 conditoris
1039 1994 1124 2053 haud
1133 1994 1279 2054 alienum.

330 2092 386 2167 Iis,
407 2095 444 2150 ut
464 2090 613 2153 adsiduae
633 2091 746 2168 templi
766 2089 927 2151 antistites
952 2096 1066 2166 essent,
1089 2091 1282 2168 stipendium

330 2188 370 2247 de
390 2187 515 2265 poblico
537 2187 656 2262 statuit,
671 2186 854 2263 virginitate
875 2187 1008 2264 aliisque
1022 2188 1219 2247 caerimoniis
1232 2206 1283 2246 ve-

215 2346 223 2363 ,
294 2299 310 2344 4
330 2284 485 2365 nerabiles
499 2302 535 2343 ac
550 2289 674 2343 senctes
685 2283 770 2343 iecit.
808 2284 910 2344 Salios
921 2283 997 2344 item
1009 2284 1172 2343 duodecim
1182 2285 1282 2343 Merti

332 2381 470 2443 Gredivo
484 2380 570 2455 legit,
582 2380 768 2457 tunicaeque
782 2387 885 2457 pictae
899 2390 1023 2456 insigne
1037 2381 1124 2439 dedit
1139 2387 1171 2439 et
1188 2398 1283 2457 super

330 2476 468 2537 tunicam
490 2486 620 2536 aeneum
638 2482 758 2553 pectori
776 2482 939 2552 tegumen3
959 2477 1167 2553 caelestiaque
1186 2496 1281 2552 arma,

331 2593 409 2651 quae
424 2573 539 2634 ancilia
553 2573 761 2651 appellantur,
773 2574 856 2633 ferre
872 2592 907 2633 ac
921 2593 977 2651 per
990 2574 1099 2633 urbem
1113 2583 1159 2632 irc
1173 2592 1284 2633 canen-

280 2749 331 2796 and
341 2747 459 2796 festivals
470 2748 600 2808 depended
610 2761 678 2805 upon
687 2759 702 2794 a
713 2752 811 2794 correct
821 2748 950 2794 calendar.
957 2744 1078 2794 -solido
1089 2746 1173 2794 anno:
1188 2760 1205 2793 a
1213 2746 1283 2794 soler

280 2816 429 2874 aeon—ad
443 2816 544 2863 meum
560 2814 685 2862 eandem:
701 2816 744 2862 te.
756 2817 830 2862 when
845 2816 889 2861 the
904 2816 975 2874 cycle
987 2817 1015 2862 ci
1030 2816 1105 2861 lunar
1115 2828 1190 2874 years
1205 2817 1283 2873 again

280 2886 363 2943 began
372 2885 437 2931 with
452 2885 495 2931 the
510 2884 580 2942 cycle
595 2884 623 2930 cf
638 2884 706 2929 solar
717 2897 800 2941 years.
829 2886 851 2930 7.
871 2882 1008 2930 nefastos:
1025 2884 1090 2943 days
1104 2885 1178 2931 when
1193 2884 1215 2929 it
1230 2896 1284 2931 was

280 2953 355 3009 assas
366 2956 393 2998 to
403 2952 512 2998 conduct
522 2952 607 3009 public
619 2952 743 3008 business,
755 2964 803 3009 ey.
814 2956 908 2997 courts.

319 3018 363 3067 20.
383 3021 406 3065 2.
427 3017 543 3066 similos:
561 3016 885 3077 consummaris-regias
894 3016 975 3065 vicis:
992 3020 1059 3077 office
1074 3019 1105 3076 cf
1122 3016 1285 3076 aiau—ssa

279 3085 392 3134 minem
409 3089 453 3135 the
463 3088 585 3145 fleminos
599 3101 666 3134 were
680 3087 774 3145 priests
789 3092 829 3133 set
844 3092 919 3144 apart
933 3092 961 3133 to
975 3088 1019 3133 the
1034 3088 1131 3133 service
1146 3088 1174 3132 oi
1188 3087 1284 3144 special

280 3156 379 3203 deities.
410 3155 463 3202 The
469 3156 568 3213 flectere
578 3155 672 3212 Dicitis,
683 3156 752 3202 chief
767 3156 792 3200 in
805 3156 879 3211 rank,
891 3168 945 3202 was
958 3155 1056 3213 hedged
1072 3155 1151 3200 about
1161 3155 1196 3212 by
1205 3167 1284 3212 many

280 3224 510 3279 communissent
525 3224 600 3270 could
615 3228 661 3270 not
676 3236 736 3280 pass
751 3236 767 3269 a
781 3223 856 3281 night
871 3223 971 3269 autside
986 3224 1029 3268 the
1044 3222 1107 3280 city,
1123 3223 1201 3268 hence
1216 3223 1285 3268 adst-

280 3292 370 3347 duum‚
386 3292 507 3347 resideat,
525 3291 623 3348 always
640 3293 669 3337 ia
686 3292 980 3337 ostenduam—veste:
1002 3291 1045 3336 the
1065 3294 1124 3347 toga
1137 3294 1282 3346 procreata.

279 3359 302 3404 3.
324 3357 500 3416 stipendium:
517 3360 624 3413 income,
636 3359 704 3404 from
715 3371 731 3404 a
741 3364 800 3415 part
812 3359 840 3403 of
854 3360 898 3404 the
914 3371 977 3415 aper
981 3357 1109 3415 paelices.
1138 3359 1161 3401 4.
1182 3354 1282 3403 Salios:

280 3426 321 3473 ie.
339 3428 383 3473 the
403 3426 524 3484 Leapcrs,
541 3427 607 3473 from
627 3426 713 3473 salire.
724 3423 886 3472 -tunicaex
907 3438 964 3483 app.
982 3439 1039 3483 gen.
1058 3429 1086 3470 to
1106 3427 1217 3482 insigne,
1234 3425 1285 3471 dis·

280 3494 446 3553 iirscutsttur
454 3494 529 3541 mark
540 3497 575 3551 os.
582 3491 812 3552 —caelestiaquez
826 3495 870 3541 the
881 3493 1027 3553 originales
1037 3493 1081 3539 the
1088 3492 1180 3540 twelve
1188 3491 1284 3539 shields
1328 3535 1332 3541 ,
