2834 4117
215 324 278 394 100
630 340 705 388 riri
728 339 808 388 mvi

264 512 464 574 liberatarem
478 515 565 574 urbis
579 515 663 575 laeta
677 521 781 574 eastra
795 524 950 592 aeeapare,
968 519 1131 592 exactique
1145 513 1219 572 inde

265 613 357 673 liberi
376 611 467 687 regis.
511 614 581 671 Duo
602 617 724 690 patrem
745 617 846 672 seeriti
867 616 949 687 sunt,
965 621 1021 689 qui
1042 613 1219 672 exsulatum

265 710 362 771 Caere
389 708 423 767 in
450 708 600 769 Etruscas
627 708 749 785 iarunt3
780 709 851 768 Sex.
881 708 1074 786 Tarquinius
1103 710 1220 771 Gabios

264 813 425 885 tamquam
439 807 473 865 in
487 825 577 865 suum
592 815 722 883 ragnum
736 806 897 883 profectus
913 807 953 867 ab
967 808 1124 868 ultaribus
1138 815 1221 867 vete-

265 925 334 964 rum
357 904 574 979 simultatium,
597 912 675 981 quas
697 902 759 963 sibi
780 903 848 980 ipse
870 904 1018 964 caedibus
1038 915 1220 983 rapinisque

229 1017 244 1062 3
265 1008 451 1077 conciverat,
473 1008 522 1063 est
548 1002 744 1062 interfectus.
789 1002 824 1061 L.
848 1003 1038 1081 Tarquinius
1061 1002 1220 1079 Superbus

265 1100 409 1175 regnavit
423 1109 520 1160 annas
535 1109 672 1178 quinque
688 1105 721 1158 et
735 1099 859 1175 viginti
902 1102 1082 1176 Ragnatum
1101 1100 1220 1158 Ramae

265 1197 304 1257 ab
319 1197 446 1257 condita
459 1198 534 1258 urbe
553 1200 593 1258 ad
616 1198 781 1259 liberatam
801 1208 900 1260 annas
920 1198 1071 1257 ducentas
1091 1196 1221 1274 quadra

228 1309 244 1353 4
265 1294 354 1369 ginta
368 1300 524 1371 quattuor.
568 1296 638 1355 Duo
652 1296 797 1357 causulas
819 1296 892 1355 inde
913 1295 1049 1355 comitiis
1068 1293 1221 1353 centuria

266 1396 307 1450 tis
322 1400 340 1451 a
354 1392 513 1468 praefecta
522 1392 609 1452 urbis
620 1412 659 1451 ex
671 1393 903 1453 sommentariis
916 1392 1005 1452 Servi
1015 1390 1103 1451 Tulli
1113 1394 1219 1464 creati,

215 1528 217 1531 -
266 1488 300 1547 L.
317 1488 428 1548 Iunius
444 1488 560 1549 Brutus
575 1494 607 1548 et
621 1490 656 1548 L.
672 1490 865 1567 Tarquinius
880 1488 1074 1550 Conlatinus.

255 1679 298 1729 60.
319 1684 341 1727 2.
363 1680 531 1729 exsulatum:
550 1696 606 1740 sup.
623 1688 647 1729 to
662 1683 711 1729 live
725 1684 756 1730 in
770 1682 980 1731 exile-cure:
998 1695 1051 1729 aee.
1081 1683 1103 1728 3.
1116 1678 1222 1740 Ragna-

215 1750 288 1795 tum:
305 1749 346 1796 me
361 1750 501 1807 monarcha
518 1750 606 1797 lasted.
