2834 4117
563 276 674 327 umas
698 278 713 327 1
917 231 922 242 κ
1095 270 1137 335 75
1176 230 1184 243 ’

135 475 208 515 nam
229 456 296 515 eius
318 473 441 531 quoque
463 454 637 530 aequaliter
658 471 697 512 ex
722 463 818 513 censu
842 454 1025 514 conferendi
1049 454 1088 513 ab

135 554 243 613 eodem
268 551 349 610 inita
372 551 452 609 ratio
481 558 545 625 est3
578 568 678 627 neque
706 569 761 610 eae
787 550 889 611 tribus
917 552 958 610 ad
984 557 1088 611 centu-

135 648 252 708 riarum
277 647 531 707 distributionem
555 666 781 724 numerumque
806 647 972 725 quicquam
996 647 1088 726 perti-

135 755 239 804 nuere.

175 844 223 901 44.
253 842 357 903 Oensu
377 841 526 918 perfecto,
548 858 641 916 quem
656 842 875 900 'maturaverat
899 847 985 901 metu
1009 840 1088 917 legis

136 940 175 999 de
201 938 340 997 incensis
368 937 450 995 latae
475 956 545 996 cum
567 935 764 996 vinculorum
790 937 885 997 minis
905 938 1087 1016 mortisque,

137 1035 236 1095 edixit
253 1036 289 1093 ut
308 1043 414 1092 omnes
435 1042 519 1093 cives
542 1034 685 1107 Romani,
703 1033 826 1110 equites
846 1034 1040 1112 peditesque,
1056 1036 1089 1093 in

138 1142 201 1191 suis
223 1130 358 1209 quisque
379 1130 529 1189 centuriis
551 1129 585 1187 in
610 1130 729 1206 Campo
754 1131 870 1190 Martio
895 1141 997 1207 prima
1020 1132 1088 1190 hice

137 1229 292 1288 adessent.
336 1226 387 1285 Ibi
401 1230 591 1285 instructum
606 1225 779 1285 exercitum
791 1246 914 1286 omnem
930 1234 1090 1287 suovetau·
1110 1242 1125 1285 a

137 1324 248 1383 ritibus
269 1322 425 1396 lustravit,
445 1322 540 1399 idque
555 1322 716 1381 conditum
734 1322 868 1382 histrum
887 1323 1089 1400 appellatum,

137 1421 212 1499 quia
225 1420 253 1481 is
269 1419 423 1479 censendo
442 1418 520 1477 finis
538 1418 642 1477 factus
663 1424 720 1478 est.
763 1419 856 1478 Milia
875 1420 1034 1495 octoginta
1055 1429 1090 1479 eo

137 1517 237 1577 lustro
253 1515 369 1575 civium
384 1524 478 1575 censa
491 1515 645 1574 dicuntur.
689 1514 799 1575 Adicit
813 1522 999 1593 scriptorum
1014 1522 1091 1575 anti-

137 1613 310 1691 quissimus
321 1610 437 1671 Fabius
452 1612 567 1686 Pictor,
583 1620 689 1670 eorum
704 1621 760 1687 qui
773 1630 860 1671 arma
870 1612 953 1670 ferre
964 1617 1092 1689 possent

137 1728 209 1769 eum
237 1726 402 1767 numerum
429 1706 537 1767 fuisse.
579 1707 632 1766 Ad
659 1726 727 1766 eam
755 1708 989 1767 multitudinem
1018 1709 1128 1769 urbsa

137 1824 262 1883 quoque
290 1804 510 1881 amplificanda
537 1813 606 1863 visa
636 1810 691 1864 est.
744 1804 846 1863 Addit
877 1805 955 1864 duos
987 1805 1091 1880 eolles,

138 1900 333 1973 Quirinalem
354 1900 623 1978 Viminalemque3
653 1900 727 1959 inde
748 1901 893 1978 deinceps
918 1906 1012 1976 auget
1038 1903 1093 1961 Es-

138 1999 265 2076 quilias,
292 1997 398 2074 ibique
422 1998 498 2075 ipse,
521 2002 558 2056 ut
582 1996 649 2056 loco
674 1997 813 2072 dignitas
837 1996 934 2073 fieret,
959 1998 1090 2058 habitat.

139 2096 263 2172 Aggere
279 2099 311 2153 et
324 2094 419 2153 fossis
433 2099 466 2153 et
480 2103 568 2153 muro
583 2093 757 2153 circumdat
777 2095 902 2154 urbem:
925 2094 972 2154 ita
992 2105 1094 2173 pome

139 2191 221 2251 rium
242 2192 372 2269 profert.
419 2190 597 2250 Pomerium
618 2191 706 2249 verbi
729 2191 793 2248 vim
814 2190 913 2251 solam
934 2192 1093 2252 intuentes
1114 2204 1129 2248 4

140 2286 366 2366 postmoerium
393 2286 641 2363 interpretantur
669 2304 755 2345 esse:
785 2293 834 2346 est
861 2293 966 2347 autem
993 2289 1093 2364 magis

141 2384 383 2457 circamoerium,
399 2383 485 2443 locus
500 2402 593 2460 quem
613 2382 647 2441 in
664 2383 834 2444 condendis
851 2384 979 2443 urbibus
1001 2404 1095 2461 quon-

141 2481 214 2541 dam
234 2482 371 2554 Etrusci,
394 2490 455 2557 qua
476 2490 599 2539 murum
621 2480 748 2539 ducturi
775 2486 873 2556 erant,
895 2486 988 2540 certis
1012 2482 1096 2541 circa

112 2642 114 2647 ,
142 2578 285 2637 terminis
306 2576 494 2651 inaugurato
515 2576 747 2652 consecrabant,
767 2583 804 2637 ut
824 2596 924 2654 neque
946 2577 1095 2638 interiore

142 2679 230 2751 parte
258 2672 403 2733 aedificia
427 2672 588 2732 moenibus
616 2673 883 2748 continuarentur,
905 2692 985 2751 quae
1012 2694 1096 2734 nunc

143 2770 236 2846 vulgo
251 2769 348 2829 etiam
361 2769 564 2845 coniungrmt,
580 2774 612 2828 et
626 2775 821 2829 extrinsecus
835 2779 908 2847 puri
922 2770 1042 2847 aliquid
1056 2772 1095 2831 ab

145 2958 287 3007 derivation
302 2958 325 3005 is
340 2958 479 3014 incorrect;
495 2960 557 3005 each
571 2958 641 3004 word
656 2959 704 3005 has
720 2960 763 3004 the
777 2962 844 3005 stem
859 2960 903 3017 tri,
918 2960 1005 3017 three;
1022 2961 1146 3008 tacitum

145 3040 196 3073 was
206 3032 252 3074 not
262 3040 278 3074 a
289 3026 391 3085 regular
402 3031 456 3081 tax,
467 3027 514 3071 but
525 3039 541 3072 a
551 3026 610 3084 levy
621 3026 695 3072 made
705 3026 747 3071 sor
757 3038 790 3072 an
801 3040 960 3086 emergency.

181 3096 224 3143 44.
246 3097 429 3155 Enlargement
452 3096 480 3141 of
504 3098 548 3142 the
570 3096 632 3154 city.
671 3099 692 3141 1.
713 3094 842 3143 incensis:
867 3099 940 3144 those
960 3099 1018 3144 who
1037 3098 1081 3145 did
1101 3103 1147 3145 not

146 3162 486 3224 regines-vinculorum:
507 3164 712 3221 imprisonment.
743 3166 765 3209 2.
787 3163 1032 3212 suovetaurilibus:
1048 3166 1145 3223 abcar,

146 3244 238 3289 aram,
257 3232 309 3279 and
327 3246 343 3279 a
362 3232 426 3288 bull,
445 3231 504 3277 first
523 3231 564 3278 led
585 3231 683 3278 around
704 3232 749 3278 the
769 3244 844 3290 army
864 3233 915 3278 and
932 3234 993 3279 then
1013 3233 1147 3281 sacrificed

146 3312 173 3347 as
192 3314 208 3348 a
227 3299 402 3358 sin-offering3
429 3299 546 3345 taetrum.
584 3300 605 3345 3.
623 3298 675 3346 Au:
696 3300 727 3346 in
746 3302 902 3346 accordance
922 3301 992 3347 with.
1030 3302 1083 3347 The
1105 3315 1147 3347 en-

146 3367 286 3427 largement
302 3380 356 3413 was
373 3381 406 3413 on
421 3367 464 3412 the
481 3372 583 3413 eastern
598 3366 660 3413 side.
688 3369 712 3412 4.
730 3364 800 3412 wim:
820 3368 1108 3426 ammom-certis
1122 3379 1145 3415 c.

146 3435 280 3483 terminis:
297 3436 359 3481 with
374 3436 475 3491 definite
487 3435 585 3480 bouada
599 3435 704 3491 (stones‚
716 3434 797 3480 called
812 3435 891 3492 cippi)
905 3449 938 3481 on
953 3436 1015 3481 each
1030 3437 1092 3493 cide,
1103 3437 1145 3482 ic.

146 3504 252 3551 without
272 3503 322 3549 and
343 3499 721 3549 within-continuarentur:
749 3502 814 3548 buta
834 3515 869 3559 up
890 3501 1145 3561 to.—pfiri...ab:
