2834 4117
282 316 322 379 38
694 326 770 374 nrm
793 325 872 374 n1v1

331 500 402 574 lem,
418 517 488 558 cum
503 500 670 559 Lavinium
682 501 721 560 ab
732 500 834 575 Troia,
845 500 884 558 ab
894 500 1027 559 Lavinio
1038 500 1129 575 Alba,
1141 501 1180 560 ab
1192 501 1286 560 Alba

296 608 311 652 2
331 606 442 655 norum
457 597 554 673 stirpe
569 606 676 673 regum
692 597 817 655 oriundi
833 598 969 656 Romani
985 603 1098 656 essent.
1141 586 1285 657 Eventus

332 700 438 753 tamen
462 693 539 753 belli
566 693 669 753 minue
698 693 907 753 miserabilem
936 693 1168 753 dimicationem
1197 695 1285 768 fecit,

333 792 417 868 quod
430 809 487 850 nee
502 790 567 849 acie
582 795 734 849 certatum
750 795 807 865 est,
822 796 854 849 et
868 796 961 850 tectis
975 791 1067 849 modo
1081 791 1196 851 dirutis
1211 792 1287 851 alte

297 898 312 942 3
333 888 398 947 rius
413 887 499 947 urbis
516 888 578 946 duo
598 886 709 964 populi
730 887 764 945 in
784 896 881 945 unum
902 887 1027 947 confusi
1042 893 1123 947 sunt.
1165 888 1286 947 Albani

333 984 451 1061 priores
466 984 587 1059 ingenti
601 983 742 1043 exercitu
761 981 796 1041 in
817 1002 926 1059 agrum
940 985 1117 1043 Romanum
1131 985 1285 1061 impetum

333 1081 444 1139 iecere.
487 1081 598 1141 Castra
611 1081 650 1140 ab
664 1081 739 1140 urbe
753 1080 839 1139 haud
858 1081 930 1159 plus
952 1091 1090 1158 quinque
1110 1081 1201 1140 milia
1218 1101 1287 1158 pas

335 1197 424 1236 suum
453 1177 573 1253 looant;
609 1178 695 1238 fossa
723 1177 1061 1238 circumdant—fossa
1094 1178 1212 1239 Cluilia
1246 1178 1286 1237 ab

334 1274 459 1333 nomine
474 1274 562 1333 ducis
576 1293 632 1351 per
651 1274 773 1351 aliquot
793 1274 918 1334 saecula
937 1274 1097 1351 appellata
1114 1281 1171 1350 est,
1187 1275 1286 1334 donec

298 1384 314 1428 4
334 1390 405 1429 cum
424 1380 457 1429 re
475 1380 589 1429 nomen
609 1389 733 1448 quoque
753 1376 911 1433 vetustate
933 1371 1089 1430 abolevit·
1120 1372 1161 1429 In
1174 1371 1226 1431 his
1240 1390 1287 1430 ca

336 1472 409 1527 stris
425 1468 558 1527 Cluilius
572 1466 716 1527 Albanus
731 1477 787 1526 rex
801 1468 949 1543 moritur;
972 1467 1156 1527 dictatorem
1167 1467 1287 1527 Albani

335 1564 483 1622 Mettium
497 1564 658 1623 Fufetium
670 1569 784 1623 creant.
826 1564 959 1623 Interim
973 1564 1085 1627 Tullus
1099 1565 1189 1623 ferox
1200 1584 1286 1641 prae

335 1661 425 1737 cipue
439 1666 537 1719 morte
552 1662 644 1735 regis,
656 1670 866 1738 magnumque
880 1662 1008 1720 deorum
1021 1671 1147 1736 numen,
1162 1661 1201 1721 ab
1216 1662 1286 1739 ipso

335 1756 436 1833 capite
458 1767 570 1831 orsum,
590 1757 624 1815 in
645 1776 735 1815 omne
756 1766 869 1816 nomen
889 1757 1048 1816 Albanum
1073 1763 1285 1835 expetiturum

335 1863 450 1931 poenas
472 1854 510 1913 ob
531 1854 648 1913 bellum
669 1853 801 1930 impium
823 1854 981 1929 dictitans,
996 1860 1086 1914 nocte
1107 1855 1285 1931 praeteritis

335 1950 473 2010 hostium
498 1955 608 2010 castris
634 1950 751 2010 infesto
776 1950 972 2009 exercituin
996 1970 1105 2026 agrum
1126 1951 1284 2011 Albanum

299 2047 445 2124 opergit.
489 2048 536 2105 Ea
560 2056 608 2106 res
634 2047 673 2106 ab
701 2052 827 2106 stativis
850 2047 967 2106 excivit
991 2048 1147 2107 Mettium.
1189 2049 1286 2109 Ducit

336 2144 585 2221 quamproxime
602 2144 641 2202 ad
658 2144 780 2202 hostem
797 2148 910 2220 potest.
953 2144 1033 2203 Inde
1047 2144 1186 2220 legatum
1201 2164 1286 2222 prae

335 2242 464 2300 missum
493 2240 638 2299 nuntiare
667 2240 760 2299 Tullo
788 2241 883 2315 iubet,
912 2240 1094 2317 priusquam
1126 2242 1285 2317 dimicent,

335 2357 412 2415 opus
438 2355 505 2397 esse
529 2336 710 2413 conloquio;
744 2346 771 2396 si
795 2346 900 2396 seeum
925 2356 1108 2413 congressus
1133 2339 1184 2412 sit,
1207 2339 1285 2399 satis

335 2444 413 2493 scire
442 2452 479 2493 ea
506 2443 539 2493 se
567 2434 754 2508 adlaturum,
783 2452 862 2510 quae
889 2434 990 2493 nihilo
1017 2434 1122 2494 minus
1151 2435 1192 2493 ad
1220 2454 1285 2494 rem

298 2532 508 2590 cRomanam
547 2548 640 2607 quam
676 2530 715 2588 ad
750 2529 906 2590 Albanam
939 2530 1126 2607 pertineant.
1188 2532 1285 2591 Haud

335 2633 519 2704 aspernatus
554 2626 676 2701 Tullus,
708 2631 823 2701 tamen,
854 2637 881 2686 si
917 2636 997 2686 vana
1030 2628 1223 2703 adferantur,
1251 2629 1286 2687 in

335 2724 432 2784 aciem
454 2723 566 2782 educit.
609 2724 737 2782 Exeunt
759 2729 868 2783 contra
889 2731 922 2783 et
943 2723 1069 2784 Albani.
1112 2726 1285 2802 Postquam
1378 2798 1380 2802 ¹

335 2826 447 2881 structi
473 2820 632 2897 utrimque
660 2820 795 2895 stabant,
824 2839 893 2879 cum
921 2830 1029 2897 paucis
1059 2840 1222 2898 procerum
1250 2822 1285 2879 in

251 2943 255 2949 ·
298 2918 469 2976 imedium
485 2917 578 2976 duces
599 2917 781 2994 procedunt.
824 2916 875 2976 Ibi
900 2916 971 2976 infit
993 2917 1151 2977 Albanus:
1176 2918 1286 2976 “inio-

334 3014 397 3073 rias
425 3020 457 3073 et
484 3022 547 3072 non
570 3013 709 3073 redditas
735 3022 794 3087 res,
818 3032 857 3072 ex
877 3013 1003 3073 foedere
1028 3033 1107 3091 quae
1132 3019 1285 3091 repetitae

323 3206 366 3254 2³.
387 3210 409 3253 2.
430 3208 510 3255 tecue
525 3206 616 3255 mede:
632 3208 743 3254 without
758 3208 802 3253 the
817 3206 869 3253 loss
879 3208 907 3253 of
920 3208 969 3254 life
982 3209 1057 3255 usual
1067 3209 1094 3254 in
1105 3222 1167 3255 war.
1198 3209 1220 3253 3.
1241 3208 1284 3255 re:

284 3277 310 3322 in
325 3278 369 3323 the
384 3277 454 3334 lapse
470 3277 497 3322 oi
513 3278 575 3323 time
594 3275 739 3334 (uetustdte)
758 3276 802 3321 the
816 3276 888 3320 ditch
902 3276 1069 3334 disappeared
1086 3277 1137 3323 and
1152 3277 1196 3323 the
1211 3290 1286 3323 name

284 3345 346 3391 with
357 3345 386 3389 it.
416 3347 439 3390 4.
458 3342 560 3401 capite:
577 3346 618 3390 te.
631 3344 747 3391 Cluilius.
756 3344 800 3375 -“
831 3342 903 3389 estc:
917 3344 1085 3402 plundertrm,
1095 3358 1123 3391 ae
1133 3345 1159 3407 in
1170 3346 1207 3390 21.
1215 3348 1253 3391 44.
1263 3346 1285 3389 3.

283 3414 305 3458 5.
326 3422 394 3469 opus
410 3422 482 3458 esse:
499 3425 552 3459 was
569 3412 701 3457 desiruble.
732 3414 755 3457 6.
776 3412 822 3456 si.
840 3445 846 3456 .
864 3444 870 3457 .
887 3409 1060 3458 adferantur:
1081 3413 1160 3470 ischa
1172 3414 1286 3470 proposi»

284 3482 339 3526 tion
354 3480 445 3526 should
461 3480 489 3525 be
505 3477 780 3537 trifltray.—stfibant:
797 3480 841 3525 the
856 3479 929 3536 impl.
940 3480 1003 3524 with
1016 3484 1154 3538 postquam
1168 3494 1285 3527 common

284 3548 311 3592 in
321 3548 349 3592 L.
362 3552 388 3593 to
401 3548 516 3594 describe
531 3560 565 3594 an
580 3547 664 3593 aetion
681 3548 707 3592 in
723 3560 848 3605 progress.
879 3548 901 3592 i.
923 3557 964 3592 ex.
976 3545 1010 3592 f.:
1026 3547 1082 3605 J’oin
1096 3548 1158 3594 with
1173 3551 1225 3594 red.
1237 3551 1283 3596 ria.
