2834 4117
529 342 640 391 nmmo
664 343 678 391 1
1061 332 1103 397 45

100 514 291 578 duellionem
302 518 406 578 iiidice
417 519 435 551 '²
446 518 558 596 inquit.
602 523 620 555 “
629 507 656 593 Ϊ,
669 519 769 594 lictor,
781 519 904 594 conlige
913 518 1053 578 menos.’'
1089 531 1104 575 8

100 612 285 675 Accesserat
304 616 396 675 lictor
416 615 626 693 iniciebatque
654 615 809 693 laqueum.
851 618 933 675 Tum
955 615 1054 673 Horo

101 708 161 769 tius
183 718 314 772 auctore
339 712 440 787 Tullo,
466 712 618 772 clemente
641 713 720 788 legis
748 713 928 790 interprete,
955 713 1054 771 “Pro

102 817 173 867 voco
182 809 201 840 '⁹
223 808 339 885 inquit.
382 808 434 868 Ite
447 809 666 886 provocatione
680 815 834 869 certetum
849 810 889 869 ad
904 808 1053 887 populum

103 908 154 963 est.
197 906 283 965 Moti
299 904 440 965 homines
458 912 532 965 eunt
549 906 582 964 in
596 916 632 965 eo
651 906 768 966 iodicio
787 906 922 965 menime
939 905 1054 964 Publio
1089 914 1105 959 9

104 1001 234 1062 Horetio
253 1007 343 1079 petre
358 1002 580 1079 proclamante,
596 1013 628 1063 se
643 1003 747 1063 filiam
760 1004 828 1061 iure
842 1022 962 1063 caesam
977 1002 1054 1061 iridi-

104 1106 185 1175 cere3
211 1108 248 1157 ni
272 1098 318 1157 ite
341 1104 432 1174 esset,
458 1100 559 1176 patrio
583 1099 651 1158 iore
674 1100 709 1158 in
733 1100 840 1158 lilium
863 1099 1055 1159 animadver-

106 1203 205 1254 sinum
225 1195 334 1255 fuisse,
377 1184 495 1256 Urebat
513 1196 626 1255 deinde
644 1206 683 1255 ne
699 1206 741 1272 se,
757 1215 849 1273 quem
866 1196 962 1273 paulo
981 1200 1053 1255 ante

106 1307 170 1349 cum
187 1292 313 1368 egregie
338 1292 435 1370 stirpe
459 1293 704 1369 conspexissent,
720 1294 827 1353 orbum
853 1293 961 1352 liberis
973 1293 1054 1351 face-

107 1394 178 1447 rent.
236 1389 325 1449 Inter
352 1389 428 1448 haec
457 1408 552 1450 senex
579 1390 725 1449 iuvenem
752 1389 924 1467 amplexus,
953 1389 1053 1466 spolia
1076 1400 1105 1445 10

27 1542 28 1547 ,
108 1484 312 1545 Curiatiorum
326 1486 395 1545 fixe
409 1495 445 1545 eo
462 1486 530 1545 loco
544 1494 600 1563 qui
614 1505 696 1545 nrmc
713 1486 786 1544 Pila
803 1486 938 1545 Horatia
951 1485 1054 1563 appel-

27 1578 28 1607 r
107 1579 185 1641 letur
219 1588 390 1657 ostentans,
420 1583 623 1657 “Huncine''
658 1582 771 1656 olebat,
808 1588 928 1660 “quem
962 1582 1055 1641 modo

109 1676 282 1739 decoretum
309 1684 516 1756 ovantemque
544 1679 677 1739 victorie
698 1679 895 1738 incedentem
917 1679 1053 1754 vidistis,

108 1774 249 1850 Quirites
278 1793 349 1834 eum
378 1776 436 1835 sub
463 1776 554 1835 furco
580 1776 722 1835 vinctum
756 1776 839 1835 inter
867 1776 997 1835 verbera
1023 1780 1055 1834 et

109 1872 257 1932 cruciatus
280 1872 386 1931 videre
407 1872 548 1949 potestis,
570 1873 653 1949 quod
674 1873 730 1931 vix
754 1872 947 1932 Albanorum
973 1872 1055 1931 oculi

109 1972 168 2026 tem
191 1969 332 2028 deforme
357 1969 568 2046 spectaculum
593 1970 676 2028 ferre
700 1972 854 2046 possent?
905 1958 932 2044 Ϊ,
954 1968 1054 2044 lictor,
1077 1978 1104 2023 11

110 2063 225 2141 conlige
253 2074 364 2125 maniis
397 2084 477 2142 quae
505 2066 598 2143 paulo
626 2071 699 2125 ente
724 2072 862 2125 armetee
889 2066 1055 2143 imperium

111 2162 218 2239 populo
240 2164 382 2221 Romeno
403 2168 598 2240 pepererunt.
641 2150 668 2238 Ϊ,
689 2168 784 2239 caput
804 2162 926 2222 obnube
946 2162 1056 2222 libero

111 2258 180 2319 toris
204 2258 292 2318 urbis
315 2258 426 2335 huius3
452 2259 560 2318 arbore
579 2259 702 2318 infelici
722 2260 896 2337 suspende3
926 2260 1057 2319 verbere

112 2355 155 2413 vel
168 2356 254 2415 intre
266 2355 449 2434 pomerium,
464 2356 556 2415 modo
574 2356 657 2415 inter
677 2356 735 2415 illa
753 2356 819 2433 pila
834 2362 866 2415 et
884 2356 986 2434 spolie
1004 2356 1057 2415 ho

114 2452 208 2529 stium,
223 2452 275 2511 vel
290 2458 380 2511 extre
396 2453 578 2529 pomerium,
593 2453 684 2512 modo
700 2452 784 2512 inter
799 2453 941 2530 sepulcre
951 2452 1058 2514 Curio

113 2546 226 2609 tiorum.
270 2548 337 2619 Quo
352 2548 436 2607 enim
454 2549 565 2608 docere
582 2549 665 2609 hunc
682 2549 828 2609 iuvenem
845 2549 986 2627 potestis,
1002 2550 1056 2608 ubi

114 2654 164 2705 non
182 2665 239 2707 sua
255 2646 368 2705 deeora
385 2664 455 2704 eum
475 2651 601 2705 etanta
619 2646 772 2706 foeditete
789 2646 939 2723 supplicii
957 2646 1057 2705 vindi-

114 2744 225 2803 cent?”
267 2743 342 2802 Non
366 2742 442 2802 tulit
469 2742 603 2820 populus
628 2762 684 2802 nee
709 2742 810 2822 patris
834 2742 978 2803 lacrimes
999 2761 1056 2802 neo
1078 2753 1106 2798 12

114 2836 203 2915 ipsius
221 2858 330 2918 parem
348 2839 383 2897 in
401 2849 488 2898 omni
503 2839 642 2917 periculo
662 2840 819 2916 animum,
845 2840 1057 2899 absolverunt

114 2952 166 3010 que
198 2935 404 2997 admiratione
432 2936 532 3013 magis
560 2936 688 2996 virtotis
717 2956 811 3014 quem
840 2936 908 2995 iure
935 2955 1055 2997 causae.

114 3029 224 3111 ltaque,
253 3039 290 3092 ut
316 3033 426 3093 caedes
454 3032 625 3095 manifesta
652 3033 758 3111 aliquo
792 3038 898 3092 tamen
931 3033 1057 3110 pieculo

115 3226 196 3279 peated
210 3226 339 3286 negative,
351 3239 392 3283 no,
407 3231 452 3273 not
467 3240 537 3283 even,
548 3239 577 3273 as
590 3227 617 3272 ln
630 3228 666 3273 22.
679 3228 716 3273 14.
726 3229 749 3272 4.
780 3227 817 3273 10.
837 3225 897 3273 rna
911 3224 959 3273 ii:
976 3226 1108 3275 Horatiae

31 3277 35 3319 ²
116 3302 184 3349 arms,
191 3294 290 3351 plural;
305 3295 339 3341 ci.
351 3294 363 3351 §
375 3296 411 3341 11.
442 3295 495 3341 The
505 3296 638 3353 placewes
648 3296 675 3340 in
685 3297 730 3341 the
741 3296 834 3341 forum.
843 3292 1034 3342 --deeoretum
1052 3329 1057 3341 .
1076 3328 1081 3339 .
1099 3328 1106 3341 .

116 3355 232 3409 victorie:
249 3362 311 3409 with
323 3363 363 3408 the
374 3362 451 3419 spoils
462 3364 515 3408 and
525 3363 599 3409 siout
609 3363 639 3419 of
646 3364 752 3420 victory.
760 3389 790 3396 -
797 3362 889 3409 lurco:
904 3377 920 3408 a
930 3364 1036 3409 wooden
1046 3363 1107 3408 fork

117 3428 139 3469 to
147 3430 226 3476 whose
236 3443 330 3487 prongs
340 3430 384 3475 the
395 3430 506 3477 victim's
516 3431 598 3477 hands
609 3444 676 3477 were
689 3430 775 3476 bound
783 3431 859 3476 while
869 3432 901 3476 hc
910 3444 964 3477 was
974 3431 1106 3489 scourgcd.

117 3496 210 3551 -quod
227 3530 232 3542 .
251 3531 256 3542 .
275 3530 281 3542 .
297 3495 494 3554 :pediculum
510 3511 538 3543 so
554 3499 633 3544 dread
646 3512 662 3543 a
674 3498 745 3554 siper
760 3498 825 3555 that,
836 3511 952 3543 common
967 3498 1106 3545 attraction

119 3558 165 3606 luto
178 3565 221 3609 rel.
233 3565 265 3611 cl.
296 3566 332 3610 11.
350 3562 440 3611 modo:
453 3566 576 3621 provided
591 3565 651 3623 only
660 3566 681 3611 it
692 3566 723 3611 bc
733 3566 817 3612 where
828 3565 1000 3624 surrounding
1009 3565 1108 3623 obiects
