2834 4117
598 286 711 336 LIBER
733 285 748 335 I
1131 281 1172 345 33

214 462 261 521 19.
290 461 351 531 Qui
371 471 466 537 regne
487 461 533 521 ita
553 466 671 538 potitus
692 460 801 520 urbem
822 480 943 537 novam,
966 463 1124 523 conditam

167 569 206 618 vi
220 564 252 619 et
266 568 369 633 armis,
386 558 453 616 iure
468 576 535 617 eam
549 557 733 634 legibusque
748 576 783 617 ac
797 558 934 619 moribus
949 559 987 617 de
1002 560 1123 635 integro

167 656 305 715 condere
332 660 430 732 parat.
473 654 591 724 Quibus
620 672 690 713 oum
717 654 801 713 inter
827 655 911 714 bella
940 656 1159 716 adsuescerea

167 752 296 811 videret
309 762 370 811 non
385 770 485 828 posse,
501 750 617 828 quippe
631 751 756 809 efferari
770 751 886 810 militia
899 752 1028 826 animos,
1043 754 1124 812 miti-

168 850 309 925 gandum
323 849 459 908 ferocem
473 848 625 926 populum
639 857 794 907 armorum
807 848 1012 907 desuetudine
1026 855 1122 924 ratus,

168 946 285 1005 Ianum
307 946 347 1005 ad
364 942 507 1003 infimum
524 943 703 1019 Argiletum
723 944 856 1003 indicem
880 944 966 1021 pacis
987 946 1123 1023 bellique

168 1042 259 1117 fecit,
274 1047 400 1119 apertus
415 1046 451 1100 ut
465 1040 499 1099 in
513 1050 608 1101 armis
623 1058 691 1101 esse
706 1041 875 1115 civitatem,
890 1041 1015 1102 clausus
1036 1052 1123 1119 puce-

167 1144 223 1198 tus
237 1138 318 1199 circa
332 1148 439 1199 omnes
455 1138 586 1215 populus
602 1137 801 1213 significaret.
844 1138 900 1198 Bis
918 1138 1036 1197 deinde.
1052 1145 1123 1216 post
1144 1154 1158 1198 3

168 1236 296 1295 Numae
310 1245 439 1311 regnum
454 1234 578 1295 clausus
597 1234 670 1309 fuit,
686 1234 782 1294 semel
803 1236 837 1292 T.
854 1235 975 1295 Manlio
996 1236 1122 1296 consule

168 1336 245 1410 post
258 1332 412 1391 Punicum
426 1340 562 1408 primum
575 1332 752 1407 perfectum
766 1330 892 1406 bellum,
904 1332 1027 1407 iterum,
1040 1334 1123 1409 quod

168 1434 297 1489 nostrae
312 1434 409 1489 aetati
423 1428 470 1487 dii
483 1428 637 1487 dederunt
656 1433 692 1487 ut
712 1427 898 1502 rideremus,
913 1435 985 1505 post
1004 1428 1123 1488 bellum

169 1526 338 1585 Actiacum
359 1526 399 1585 ab
418 1525 604 1603 imperatore
626 1526 757 1585 Caesare
777 1524 922 1601 Auguste
943 1535 1018 1603 pace
1039 1531 1123 1585 terra

169 1631 313 1699 marique
326 1628 425 1700 parta.
461 1621 575 1684 Clauso
590 1632 626 1681 eo
641 1640 712 1681 cum
723 1621 863 1681 omnium
877 1622 959 1682 circa
972 1622 1123 1683 finitimo
1143 1636 1159 1679 4

169 1739 243 1778 rum
254 1720 401 1779 societate
413 1737 448 1778 ac
458 1718 635 1778 foederibus
647 1718 804 1779 iunxisset
813 1718 942 1793 animos,
950 1719 1063 1797 positis
1074 1738 1124 1778 ex-

169 1822 332 1876 ternorum
346 1816 556 1893 periculorum
570 1825 653 1875 curis
670 1824 710 1873 ne
727 1816 923 1875 luxuriarent
937 1817 1001 1876 ouo
1016 1817 1122 1892 animi,

171 1922 251 1990 quus
263 1918 363 1973 metus
374 1912 512 1973 hostium
521 1911 751 1990 disciplinaque
760 1912 907 1972 militaris
916 1914 1122 1989 continuerat,

171 2010 312 2069 omnium
331 2020 467 2088 primum
487 2028 554 2068 rem
575 2010 615 2069 ad
635 2009 868 2069 multitudinem
892 2009 1070 2086 imperitam
1091 2016 1124 2069 et

170 2105 238 2167 illis
253 2106 384 2167 saeculis
400 2107 509 2166 rudem
524 2105 778 2180 efficacissimam,
794 2106 921 2165 deorum
934 2112 1053 2167 metum
1067 2107 1123 2165 ini-

171 2203 318 2263 ciendum
341 2210 427 2264 ratus
452 2208 509 2264 est.
552 2204 614 2273 Qui
637 2221 708 2262 cum
733 2203 920 2262 descendere
941 2203 982 2263 ad
1002 2204 1122 2264 animos
1143 2224 1158 2269 5

172 2300 240 2360 sine
265 2300 371 2378 aliquo
396 2305 570 2359 commento
595 2300 738 2358 miraculi
764 2309 828 2359 non
855 2306 970 2376 posset,
995 2300 1123 2360 simulat

172 2397 234 2457 sibi
250 2416 321 2456 oum
342 2397 400 2456 dea
419 2385 534 2472 Egeria
554 2405 739 2471 congressus
759 2402 927 2456 nocturnos
948 2414 1032 2472 esse;
1055 2396 1122 2457 eius

173 2502 207 2554 se
227 2494 358 2568 monitu,
373 2512 452 2571 quae
473 2492 689 2571 acceptissima
711 2492 771 2552 diis
793 2500 908 2567 essent,
928 2511 1016 2553 secra
1035 2493 1123 2554 insti-

171 2595 268 2665 tuere,
285 2590 459 2650 sacerdutes
475 2599 546 2650 suus
561 2599 673 2665 cuique
688 2590 816 2648 deorum
829 2589 1004 2666 praeficere.

212 2687 317 2765 Atque
329 2686 466 2745 omnium
479 2696 614 2763 primum
626 2686 666 2745 ad
680 2694 789 2745 cursus
804 2686 896 2745 lunae
911 2686 945 2743 in
959 2686 1122 2746 duodecim
1143 2704 1159 2749 o

172 2793 294 2844 menses
323 2783 472 2843 describit
499 2801 632 2857 annum,
658 2800 761 2860 quem,
791 2782 866 2859 quia
891 2782 1027 2847 tricenus
1054 2784 1122 2845 dies

211 2964 304 3014 19-21.
325 2964 391 3012 civil
402 2965 452 3012 and
463 2964 583 3023 religiono
593 2964 755 3011 institutions
765 2964 793 3010 of
808 2965 902 3011 Numa.

211 3033 253 3081 19.
272 3036 294 3081 1.
315 3044 387 3081 cam:
402 3034 653 3091 repeatsurhemfor
664 3034 799 3090 emphasis.
828 3034 850 3077 2.
870 3031 970 3091 quippe
985 3068 991 3079 .
1009 3068 1014 3079 .
1031 3069 1036 3080 .
1053 3033 1170 3082 animus:

172 3102 365 3161 parenthetical,
376 3102 520 3160 depending
530 3114 563 3147 on
573 3102 617 3147 the
628 3102 738 3159 thought
748 3102 775 3145 in
790 3102 893 3147 videret.
901 3127 930 3133 -
937 3101 1046 3148 Ienum:
1064 3116 1097 3149 an
1111 3105 1172 3149 arch

173 3183 233 3216 near
252 3171 297 3217 the
319 3171 377 3229 clay
396 3171 482 3216 works
506 3167 673 3227 (Argiletum)
697 3169 789 3214 attho
809 3170 942 3215 northeast
961 3170 989 3215 of
1013 3170 1057 3215 the
1076 3171 1171 3216 forum.

172 3238 193 3283 3.
215 3237 311 3284 semol:
327 3239 371 3283 235
386 3250 437 3284 rac.
447 3235 594 3283 -iterum:
611 3238 640 3281 29
655 3248 708 3282 nc.
739 3236 806 3281 That
821 3237 849 3280 L.
863 3237 923 3283 does
938 3240 984 3282 not
999 3238 1112 3283 mention
1128 3239 1172 3285 the

173 3305 260 3351 lourth
280 3306 342 3352 time
362 3306 389 3351 in
409 3307 438 3351 25
458 3317 509 3351 nc.
531 3306 614 3351 shows
634 3303 839 3362 approximately
859 3305 902 3350 the
925 3305 988 3351 time
1007 3305 1035 3351 oi
1058 3306 1170 3363 writing.

172 3374 194 3417 4.
214 3371 400 3420 luxuriirent:
417 3372 498 3431 figure
513 3373 540 3419 of
556 3385 588 3417 an
599 3372 733 3430 unpruned
744 3372 803 3419 vine
817 3370 944 3435 implying
958 3374 1017 3419 lach
1031 3374 1058 3419 of
1073 3374 1172 3420 control

173 3441 222 3486 and
237 3442 377 3488 weekness.
408 3442 430 3486 5.
452 3438 611 3487 descendere
629 3438 676 3485 ed:
698 3440 812 3497 impreco.
841 3439 952 3498 Egeria:
972 3454 989 3487 a
1004 3442 1172 3498 nymphone

173 3508 199 3553 ot
211 3510 254 3556 the
264 3509 400 3557 Camenae.
431 3510 453 3554 6.
465 3506 584 3555 omnium
593 3508 723 3564 primum:
740 3509 801 3553 civil
812 3509 862 3554 and
872 3509 992 3565 religious
1003 3511 1172 3556 observances

335 3598 354 3631 Ι)
