2834 4117
550 288 663 338 nmnn
686 288 701 337 1
1084 272 1136 344 65³

127 465 248 540 sissent,
285 465 514 524 dirimerentur.
564 466 675 541 Neque
709 469 778 523 tum
812 464 1003 541 Tarquinius
1038 465 1114 523 det

127 562 266 638 equitum
295 562 443 621 centuriis
471 562 638 638 quicquam
666 561 818 636 metavit,
847 571 975 620 numere
1004 561 1078 620 alte-

127 678 194 717 rum
221 663 345 717 tanturn
375 658 500 733 adiecit,
522 663 558 717 ut
581 658 669 717 mille
694 664 727 717 et
754 658 928 733 octingenti
955 658 1076 734 equites

127 753 160 812 in
186 755 288 815 tribus
322 755 472 814 centuriis
505 759 617 814 essent.
671 754 864 813 Posteriores
895 755 988 813 modo
1019 755 1077 814 sub

129 850 238 910 iisdem
270 850 448 910 neminibus
482 860 537 927 qui
567 851 669 909 additi
697 856 786 909 erant
813 850 965 927 appellati
993 855 1076 925 sunt,

30 934 31 957 ³
129 956 202 1022 ques
229 966 323 1022 nunc,
345 948 421 1024 quia
448 948 623 1023 geminatae
651 952 734 1023 sunt,
757 966 812 1007 sex
833 952 947 1007 vocant
974 953 1078 1007 centu·

30 1068 32 1107 t
130 1053 196 1104 nes.

30 1148 32 1229 ζ
165 1142 212 1201 37.
243 1141 314 1200 Hac
333 1146 423 1219 parte
441 1142 601 1220 cepierum
621 1147 713 1201 aucta
731 1141 845 1200 iterum
863 1160 932 1199 cum
953 1141 1077 1200 Sabinis

30 1232 32 1311 ξ
129 1237 313 1313 cenfligitur.
357 1238 419 1297 Sed
445 1244 663 1315 praeterquam
685 1238 770 1314 quod
789 1238 910 1297 viribus
937 1243 1077 1298 creverat

30 1318 32 1357 i
129 1334 288 1393 Remanus
315 1334 479 1409 exercitus,
501 1353 541 1395 ex
561 1334 682 1394 occulte
703 1334 799 1393 etiam
821 1335 949 1393 additur
977 1333 1076 1409 dolus,

30 1436 31 1439 ’
75 1415 77 1419 ’
129 1431 231 1491 missis
257 1440 313 1507 qui
336 1440 480 1507 magnam
504 1432 569 1490 vim
596 1432 762 1506 lignerum,
787 1431 820 1489 in
848 1430 981 1491 Anienis
1008 1440 1078 1507 ripa

129 1525 290 1602 iacentem,
312 1528 472 1587 erdcntcm
497 1528 531 1586 in
554 1527 672 1587 flumen
699 1528 893 1602 conicerent;
921 1533 1077 1604 vesteque

128 1622 253 1683 iuvante
274 1633 403 1684 accensa
421 1624 515 1699 ligna,
532 1629 563 1683 et
582 1623 731 1701 pleraque
749 1624 784 1682 in
803 1624 922 1684 ratibus
941 1624 1079 1701 impacta

129 1719 256 1780 sublicis
267 1738 337 1779 curn
348 1720 520 1795 haererent,
534 1726 662 1797 pontem
672 1720 852 1779 incendunt.
893 1722 941 1780 Ea
955 1740 1078 1798 quoque
1099 1739 1114 1784 2

128 1826 175 1876 res
192 1816 226 1875 in
245 1826 352 1894 pugne
369 1822 520 1876 terrerem
541 1816 650 1876 attulit
670 1817 803 1891 Sabinis,
819 1824 851 1877 et
869 1818 950 1877 frisis
969 1818 1078 1877 eadem

127 1913 235 1989 fugam
256 1912 409 1991 impediit,
425 1914 578 1990 multique
599 1914 757 1989 mortales,
771 1932 841 1973 cum
863 1914 985 1973 hostem
1005 1915 1080 1973 effe-

30 2062 31 2093 ,
127 2010 256 2085 gissent‚
281 2010 315 2068 in
342 2009 470 2070 flumine
498 2010 567 2087 ipse
594 2011 731 2088 periere3
761 2020 893 2087 querum
920 2011 1080 2071 fluitantia

128 2124 214 2167 arma
234 2106 276 2167 ad
295 2108 404 2167 urbem
425 2108 551 2182 cognita
571 2107 605 2166 in
625 2108 733 2166 Tiberi
757 2108 844 2184 prius
865 2126 964 2184 paene
985 2127 1079 2186 quam

128 2204 268 2264 nentiari
289 2209 403 2280 posset,
418 2214 572 2280 insignem
587 2204 753 2264 victeriam
774 2205 885 2263 fecere.
927 2207 974 2264 Ee
995 2224 1080 2282 prce
1100 2225 1116 2270 3

30 2318 31 2327 ¹
128 2300 169 2360 lie
187 2300 357 2380 praecipua
373 2301 514 2377 equiturn
532 2301 632 2377 gleria
648 2301 728 2377 fuit,
750 2301 909 2378 utrimque
927 2303 965 2362 ab
984 2303 1081 2362 corni·
1100 2364 1107 2385 Ι

128 2397 184 2459 bus
196 2398 325 2475 posites,
337 2416 407 2457 cum
421 2398 483 2458 iam
498 2397 668 2475 pelleretur
681 2398 785 2457 media
798 2399 939 2475 peditum
954 2408 1079 2459 suerum

30 2524 31 2577 }
130 2495 220 2569 acies,
236 2494 283 2553 ita
303 2494 470 2555 incurrisse
490 2496 529 2554 ab
548 2494 700 2555 lateribus
719 2496 835 2569 ferunt,
856 2502 894 2554 ut
911 2505 975 2555 nen
994 2490 1082 2556 sistcss

130 2597 198 2650 rent
212 2592 306 2650 modo
320 2591 452 2651 Sabines
466 2591 604 2668 legienes
619 2592 766 2651 ferociter
777 2597 932 2652 instantes
947 2593 1083 2651 cedenti-

30 2698 32 2749 l
130 2686 196 2763 bus,
219 2688 275 2747 sed
297 2688 400 2747 subite
421 2688 457 2746 in
477 2688 586 2763 fugam
607 2694 792 2748 everterent.
835 2690 960 2748 Montes
982 2690 1081 2749 effuse
1101 2706 1117 2751 4

131 2795 222 2845 curse
238 2784 348 2844 Sabini
361 2786 518 2861 petebant,
531 2791 562 2844 et
576 2795 669 2863 pauci
682 2791 829 2861 tenuere;
849 2786 986 2845 marrima
1000 2806 1080 2863 pars,

131 2887 166 2940 ut
182 2887 255 2941 ante
273 2882 391 2941 dictum
412 2887 469 2957 est,
485 2883 523 2941 ab
544 2882 703 2959 equitibus
724 2883 758 2941 in
778 2881 894 2941 flumen
914 2888 978 2942 icti
999 2890 1080 2944 sunt.

133 3029 298 3085 importante.
329 3031 351 3075 7.
372 3028 447 3076 msslc
465 3040 487 3076 c.
504 3040 541 3077 o.:
559 3030 671 3077 Tullus's
688 3030 805 3077 addition
823 3030 856 3088 (o.
872 3031 909 3076 30.
928 3030 962 3087 3.)
980 3031 1031 3078 had
1048 3032 1133 3077 raised

133 3096 175 3142 the
191 3097 320 3143 centurias
338 3100 433 3154 totos,
452 3098 515 3144 with
532 3099 615 3145 which
633 3099 685 3145 L.’s
705 3100 813 3145 number
829 3100 890 3145 herc
907 3099 968 3145 does
985 3103 1031 3145 not
1048 3112 1132 3157 agree.

134 3162 184 3210 The
194 3165 277 3211 whole
287 3165 387 3224 subJ‘cct
396 3167 418 3212 is
429 3180 492 3225 very
502 3167 616 3213 obscure.

172 3230 213 3279 st.
235 3232 299 3280 War
315 3234 378 3280 with
398 3235 442 3280 the
462 3234 576 3281 Sabines.
608 3237 629 3280 1.
651 3233 804 3281 erdcntem:
825 3240 849 3281 to
866 3240 904 3281 set
921 3247 955 3281 on
969 3236 1018 3293 flre
1036 3235 1135 3280 and.—

135 3300 257 3347 sccenss:
285 3314 320 3347 sc.
341 3301 584 3360 cunt-pleraque
602 3336 607 3346 .
626 3337 631 3347 .
650 3337 655 3347 .
671 3301 831 3349 incendunt:
858 3304 902 3348 the
925 3307 992 3348 most
1011 3303 1039 3347 oi
1063 3303 1134 3349 them

136 3367 245 3427 striking
256 3368 283 3413 in
297 3382 393 3416 messes
408 3371 510 3427 against
525 3371 569 3415 the
584 3370 647 3427 pilos
663 3372 714 3417 and
730 3371 835 3428 lodging
849 3372 921 3416 there
936 3375 975 3417 set
990 3370 1037 3416 fire
1050 3374 1077 3415 to
1090 3369 1134 3415 the

136 3433 230 3493 bridge.
261 3436 313 3483 The
328 3438 417 3494 bridge
432 3451 485 3484 was
500 3451 561 3484 over
581 3440 625 3485 the
641 3439 716 3494 Anio,
732 3440 767 3497 by
781 3439 864 3484 which
879 3440 923 3484 the
938 3438 1045 3485 Sabines
1060 3437 1134 3483 could

139 3506 239 3550 retreat.
270 3504 292 3549 3.
309 3503 477 3551 cedentibus:
494 3506 562 3562 dat.;
580 3506 763 3564 tbewoocrt'np
774 3506 897 3552 Romam.
923 3508 946 3551 4.
963 3507 1136 3552 ct...tenu·

299 3592 315 3625 F
