2834 4117
582 300 693 350 umes
717 300 732 349 1
1139 290 1160 357 7

154 496 227 537 eum
254 478 318 536 dici
345 476 394 536 ius
421 476 532 554 fasque
557 480 614 550 est,
640 493 733 552 super
759 474 930 534 Numicum
957 473 1107 550 fluvium3

154 575 263 634 Iovem
278 572 447 649 indigetem
462 571 632 650 appellant.

194 672 222 731 3.
251 670 400 729 Nondum
415 675 555 728 maturus
570 668 702 745 imperio
713 668 868 729 Ascanius
882 668 1007 727 Aeneae
1018 668 1108 728 iilius

154 772 238 843 erat3
260 772 366 825 tamen
381 765 414 825 id
428 765 594 843 imperium
608 775 638 824 ei
652 766 693 825 ad
707 765 855 842 puberem
876 771 1011 824 aetatem
1029 765 1110 825 inco

154 864 238 923 lume
252 863 376 923 mansit.
417 862 584 939 Tantisper
598 861 700 921 tutela
714 850 861 921 muliebri
870 897 911 908 —
921 867 1011 921 tanta
1024 862 1110 921 indo

154 959 200 1020 les
223 960 256 1018 in
278 959 412 1019 Lavinia
432 965 605 1019 erat—res
627 960 743 1019 Latina
770 965 802 1017 et
831 968 961 1035 regnum
988 964 1108 1018 avitum

154 1062 381 1135 paternumque
409 1065 505 1133 puero
536 1056 632 1115 stetit.
690 1056 788 1115 Haud
819 1055 1144 1135 ambigam—quisi

154 1152 238 1212 enirn
259 1170 324 1212 rem
345 1159 411 1212 tam
430 1158 566 1212 veterem
588 1161 644 1230 pro
665 1158 750 1212 certo
771 1152 1108 1212 adfirmett—hicine

154 1249 252 1309 fuerit
265 1250 430 1324 Ascanius,
445 1268 485 1309 an
500 1250 598 1309 maior
612 1268 706 1327 quam
721 1249 782 1323 hic,
798 1249 916 1310 Creusa
933 1254 1031 1308 matre
1047 1238 1108 1309 ilio

154 1345 305 1405 incolumi
325 1351 418 1405 natus
439 1364 603 1423 comesque
625 1346 699 1406 inde
720 1352 869 1423 paternae
889 1345 993 1421 fugae,
1014 1364 1107 1423 quem

154 1442 260 1501 Iulum
274 1444 408 1503 eundem
424 1442 507 1502 Iulia
527 1452 603 1518 gens
625 1449 783 1502 auctorem
804 1442 940 1503 nominis
961 1451 1012 1502 sui
1031 1453 1109 1502 nun-

154 1546 256 1617 oupat.
300 1539 334 1599 Is
351 1539 516 1614 Ascanius,
530 1539 718 1617 ubicumque
739 1545 771 1598 et
792 1557 987 1617 quacumque
1008 1544 1107 1599 matre
1129 1552 1144 1597 3

154 1636 279 1711 genitus
288 1642 419 1695 —certe
433 1642 542 1695 natum
557 1636 665 1695 Aenea
679 1636 1037 1696 constat—abundante
1051 1637 1108 1695 La

154 1742 222 1791 vini
248 1733 453 1792 multitudine
480 1732 642 1792 florentem
670 1731 743 1808 iam,
771 1738 808 1792 ut
834 1739 903 1792 tum
931 1742 980 1793 res
1009 1737 1106 1808 erant,

154 1834 249 1906 atque
270 1829 450 1907 opulentam
471 1830 578 1890 urbem
601 1835 696 1889 matri
717 1848 772 1889 seu
793 1847 944 1889 novercae
969 1828 1106 1906 reliquit,

154 1945 266 1985 novam
281 1926 349 2003 ipse
363 1925 459 1985 aliam
473 1926 531 1985 sub
545 1925 670 1985 Albano
685 1931 790 1985 monte
808 1926 960 2000 condidit,
975 1945 1053 2003 quae
1068 1927 1107 1986 ab

155 2022 218 2081 sitii
242 2028 401 2099 porrectae
424 2022 458 2081 in
480 2023 571 2082 dorso
593 2022 679 2082 urbis
703 2024 811 2099 Longa
832 2022 916 2082 Alba
938 2022 1105 2100 appellata.

154 2120 243 2178 Inter
257 2119 424 2178 Lavinium
438 2125 471 2178 et
484 2118 599 2179 Albam
614 2120 754 2195 Longam
768 2120 922 2179 coloniam
942 2120 1106 2179 deductam
1127 2134 1143 2178 4

154 2216 287 2291 triginta
306 2216 406 2275 ferme
427 2216 598 2275 interfuere
620 2226 703 2276 anni.
747 2219 885 2277 Tantum
906 2222 1012 2276 tamen
1032 2225 1106 2293 opes

154 2317 316 2372 creverant
330 2312 466 2372 maxime
480 2313 562 2372 fusis
577 2314 730 2387 Etruscis,
744 2320 781 2372 ut
799 2322 839 2372 ne
859 2320 959 2373 morte
980 2312 1107 2391 quidem

154 2408 288 2484 Aeneae,
316 2428 373 2469 nec
401 2409 513 2469 deinde
542 2410 625 2469 inter
652 2398 837 2470 muliebrem
864 2410 998 2469 tutelam
1026 2410 1108 2468 rudi-

154 2512 356 2583 mentumque
390 2500 526 2584 primum
560 2507 691 2584 puerilis
727 2517 824 2583 regni,
859 2516 983 2566 movere
1020 2524 1108 2566 arma

154 2607 210 2662 aut
236 2603 411 2662 Mezentius
439 2604 627 2681 Etruscique
652 2610 707 2663 aut
732 2604 791 2662 ulli
815 2602 871 2663 alii
896 2603 1017 2663 accolae
1037 2612 1107 2662 ausi

155 2698 227 2758 sint.
280 2700 348 2758 Pax
376 2699 422 2760 ita
454 2707 649 2775 convenerat,
677 2706 714 2759 ut
746 2701 888 2760 Etruscis
921 2701 1142 2777 Latinisquet

153 2794 269 2855 fluvius
283 2796 409 2870 Albula,
425 2815 518 2873 quem
532 2815 615 2855 nuno
628 2796 768 2855 Tiberim
782 2802 904 2871 vocant,
919 2796 998 2855 finis
1013 2801 1105 2856 esset.

154 2915 248 2962 divine.
279 2916 333 2962 The
351 2916 465 2963 ancients
485 2930 551 2962 were
565 2915 706 2975 particular
721 2917 747 2961 in
764 2916 840 2974 using
854 2917 898 2961 the
916 2916 986 2975 right
1004 2929 1079 2962 name
1097 2916 1124 2962 oi
1142 2928 1158 2962 a

154 2983 225 3042 deity
235 2997 264 3029 or
274 2984 335 3030 hero
346 2984 371 3029 in
383 2984 508 3041 speaking
514 2984 545 3029 oi
560 2989 626 3030 orto
637 2984 698 3039 him,
711 2984 762 3030 and
772 2985 798 3029 in
810 2984 939 3043 ascribing
949 2985 992 3031 the
1003 2984 1074 3042 right
1084 2983 1158 3030 attri-

154 3051 228 3097 butes
239 3057 266 3097 to
276 3052 475 3109 nim-super:
493 3064 526 3097 on
537 3052 577 3097 the
589 3051 658 3097 bank
669 3051 704 3107 of.

194 3118 219 3165 8.
238 3120 292 3165 The
307 3119 433 3177 founding
448 3119 475 3164 oi
494 3119 567 3165 Alba.
599 3121 621 3165 1.
642 3117 802 3166 muliebri:
811 3134 868 3177 gen.
885 3119 1012 3175 audieris,
1028 3132 1058 3166 as
1072 3119 1100 3165 in
1115 3118 1159 3177 §4

154 3187 206 3233 and
221 3187 301 3233 oiten.
331 3189 354 3233 2.
375 3185 524 3247 ambigam:
542 3188 668 3246 question,
680 3186 955 3234 decide.-1iilumc.:
973 3188 1014 3234 the
1028 3200 1100 3234 come
1111 3200 1157 3233 oue

155 3254 237 3300 whom
247 3256 330 3301 under
341 3255 381 3301 the
393 3268 468 3301 name
478 3256 509 3313 os
519 3255 542 3301 I.
573 3257 594 3301 3.
613 3253 776 3313 ubicumque
791 3258 819 3301 et
834 3266 873 3314 q.:
890 3256 961 3301 often
972 3255 999 3301 in
1008 3256 1036 3301 L.
1047 3255 1158 3301 without

155 3335 171 3368 a
195 3320 494 3369 verb-multitidine:
519 3323 757 3380 popularium—nt
780 3325 873 3369 erant:
898 3324 946 3380 sor
971 3323 1013 3370 the
1039 3324 1159 3370 times.—

154 3388 245 3448 Longa
255 3388 299 3436 Δ.;
316 3391 391 3436 order
406 3391 524 3437 reversed
540 3390 582 3436 for
597 3391 734 3448 emphasis.
764 3392 816 3437 The
827 3396 896 3436 town
906 3391 950 3449 lay
960 3404 994 3436 on
1004 3402 1021 3436 a
1031 3391 1103 3448 ridge
1114 3404 1159 3435 un·

154 3457 200 3503 der
215 3458 258 3503 the
274 3458 358 3503 Alban
372 3459 516 3513 mountain,
531 3458 586 3517 Just
601 3459 682 3504 above
701 3459 745 3505 the
761 3459 844 3505 Alban
859 3459 928 3505 lake.
958 3461 980 3504 4.
1002 3456 1156 3505 Hvinium:

154 3538 189 3573 sc.
201 3526 483 3574 cautium-morte:
500 3527 551 3573 abl.
563 3526 591 3573 oi
609 3526 785 3574 tima-ausi
799 3524 867 3573 sint:
884 3527 982 3585 perfect
998 3527 1039 3572 for
1054 3526 1098 3572 the
1112 3526 1158 3571 im·
