2834 4117
551 306 663 356 imru
686 305 701 355 1
1085 296 1125 361 91

122 489 207 559 sunt,
223 482 462 559 absentiumque
484 482 566 541 bona
587 482 678 542 iuxta
699 486 793 559 atque
816 481 1076 559 interemptorum

121 580 242 640 divisui
255 580 352 638 fuere.
396 579 593 654 Largitiones
609 579 682 638 inde
696 579 909 656 praedaeque;
930 582 962 637 et
975 578 1077 638 dulce
1098 589 1127 635 10

121 677 197 736 dine
232 682 350 753 privati
379 676 534 735 commodi
561 684 670 736 sensus
699 675 852 735 malorum
880 674 1076 752 publicorum

121 773 231 848 adimi,
247 773 344 832 donec
359 772 434 831 orba
452 771 584 832 oonsilio
605 771 786 848 auxilioque
808 772 932 833 Gabina
945 780 995 831 res
1009 780 1076 847 rogi

121 870 266 931 Romano
281 868 349 928 siue
363 868 430 928 ulla
443 868 645 928 dimicatione
659 868 694 927 in
708 887 836 928 manum
850 868 994 928 traditur.

163 966 211 1025 55.
242 965 352 1026 Gabiis
369 970 502 1042 receptis
521 965 714 1042 Tarquinius
734 974 842 1043 paoem
862 984 933 1024 cum
954 964 1076 1042 Aequo

121 1082 193 1122 rum
204 1067 296 1139 gente
307 1062 392 1138 fecit,
405 1062 516 1121 foedus
526 1080 597 1121 eum
608 1063 719 1121 Tuscis
730 1062 900 1121 renovavit.
942 1061 1022 1121 Inde
1036 1062 1078 1121 ad

120 1159 250 1236 negotia
273 1158 393 1218 urbona
416 1158 556 1218 animum
579 1158 753 1233 convertit3
775 1168 908 1235 quorum
929 1163 996 1218 erat
1017 1168 1077 1236 pri-

121 1276 218 1331 mum,
233 1260 270 1315 ut
284 1254 370 1315 Iovis
388 1254 542 1332 templum
562 1256 596 1313 in
617 1260 723 1315 monte
745 1255 879 1332 Tarpeio
899 1274 1077 1315 monumen-

120 1359 192 1412 tum
219 1362 308 1429 regni
336 1362 385 1411 sui
410 1352 609 1429 numinisque
645 1352 854 1429 relinqueret:
887 1352 1076 1429 Tarquinios

121 1455 212 1525 rogos
227 1450 342 1524 ambos,
357 1454 479 1526 patrem
493 1449 627 1524 vovisse,
642 1449 750 1508 filium
763 1448 940 1526 perfecisse.
983 1450 1027 1508 Et
1040 1454 1077 1508 ut
1111 1461 1126 1507 2

121 1545 223 1606 libera
237 1555 257 1605 a
270 1551 381 1605 ceteris
396 1544 600 1622 religionibus
615 1555 688 1605 area
704 1550 788 1606 esset
806 1550 875 1605 tota
894 1546 981 1605 Iovis
1002 1551 1077 1605 tem-

122 1641 232 1721 plique
260 1642 336 1718 eius,
366 1642 449 1719 quod
485 1641 745 1718 inaedifioorotur,
774 1651 966 1719 exaugurare
1001 1643 1077 1703 fona

124 1739 300 1815 sacellaque
329 1738 449 1814 statut,
478 1757 558 1815 quae
590 1738 713 1815 aliquot
746 1738 792 1798 ibi
825 1748 845 1797 a
879 1739 971 1799 Tatio
1005 1749 1076 1817 rege

122 1844 261 1914 primum
276 1835 310 1895 in
323 1835 392 1913 ipso
406 1835 586 1895 discrimine
601 1835 753 1896 adversus
767 1834 940 1896 Romulum
953 1846 1076 1913 pugnae

121 1937 206 2007 vota,
221 1937 401 1992 consecrata
414 1931 662 2009 inaugurataque
681 1937 791 2010 posteo.
811 1932 945 1992 fuerant.
988 1933 1077 1992 Inter
1113 1947 1129 1993 3

121 2028 281 2108 principia
294 2028 447 2088 condendi
461 2028 555 2088 huius
570 2029 673 2106 operis
688 2029 824 2089 movisse
840 2039 957 2088 numen
973 2030 1015 2089 ad
1033 2030 1079 2088 in·

122 2125 290 2185 dicandam
300 2130 384 2184 tanti
398 2124 522 2202 imperii
532 2124 646 2185 molem
660 2126 797 2185 traditur
811 2125 902 2202 deos3
923 2144 996 2185 nam
1007 2145 1078 2186 cum

122 2222 264 2282 omnium
284 2221 469 2282 sacellorum
488 2222 749 2299 exaugurationes
770 2222 974 2282 admitterent
994 2232 1076 2299 avos,

122 2318 158 2377 in
181 2318 322 2378 Termini
343 2319 419 2378 fano
445 2327 509 2377 non
536 2319 701 2395 addixere3
724 2319 817 2396 idque
842 2328 932 2379 omen
956 2320 1078 2395 auguri·
1113 2341 1128 2386 4

122 2434 240 2492 umque
263 2415 309 2474 ita
328 2420 489 2492 acceptum
512 2420 569 2491 est,
589 2424 652 2475 non
673 2421 792 2475 motam
813 2416 953 2475 Termini
973 2416 1078 2475 sedem

122 2521 284 2587 imumque
309 2529 380 2569 eum
407 2512 535 2571 deorum
562 2521 625 2571 non
653 2517 816 2572 evocatum
851 2518 980 2571 sacratis
1017 2513 1078 2573 sibi

122 2608 245 2667 finibus
269 2607 365 2667 firma
390 2607 588 2700 'stabiliaque
624 2614 737 2669 cuncta
772 2609 965 2686 portendere.
1008 2610 1078 2669 Hoc
1113 2629 1128 2675 5
1225 2684 1233 2696 .

122 2704 345 2781 perpetuitatis
370 2704 510 2781 auspicio
533 2710 660 2781 accepto
685 2711 825 2764 secutum
850 2704 938 2764 aliud
961 2705 1079 2782 magni-

121 2800 267 2860 tudinem
282 2800 407 2878 imperii
421 2802 609 2879 portendens
628 2801 808 2879 prodigium
821 2807 885 2862 est:
908 2807 1003 2879 caput
1023 2802 1079 2861 hri-

122 2984 187 3041 det.‚
199 2998 228 3031 es
243 2985 270 3030 in
284 2986 423 3043 21.5o.1o;
440 2985 566 3033 translate
581 2986 645 3033 with
653 2986 734 3043 supa,
745 2985 883 3044 voluntem
898 2984 1125 3033 exele-divisui:

121 3053 194 3111 pred.
206 3053 275 3110 dat.;
292 3053 403 3100 divided.

163 3118 206 3167 od.
227 3120 389 3167 Foundation
400 3122 428 3167 oi
443 3122 487 3168 the
497 3122 592 3179 temple
602 3122 630 3168 oi
641 3122 752 3179 Jupiter.
783 3123 805 3168 1.
825 3123 870 3167 ut:
887 3122 973 3169 clause
983 3122 1126 3180 appositive

120 3193 151 3233 to
171 3190 444 3246 negotium-monte
464 3187 505 3235 T:
527 3190 571 3235 the
591 3189 742 3247 capitolino.
773 3190 795 3234 2.
816 3187 915 3236 soteris
931 3199 969 3235 r.:
991 3189 1082 3236 eloim
1099 3190 1129 3246 os

120 3256 194 3303 otber
207 3254 393 3314 gode—tota:
415 3256 516 3314 wholly,
532 3258 603 3315 pred.
620 3258 899 3317 adt-exaugurare:
916 3259 1124 3304 uneemeorated,

120 3334 227 3382 -quae
247 3321 365 3381 aliquot:
392 3324 489 3371 several
508 3325 538 3381 os
559 3325 650 3372 which.
681 3326 703 3370 3.
724 3324 842 3373 movisse
861 3324 972 3371 numen:
994 3325 1126 3371 indicated

121 3390 440 3438 theirwilloeaddixore:
458 3397 560 3449 osseam
571 3394 606 3439 oi.
615 3407 636 3439 c.
646 3394 682 3439 36.
691 3395 714 3439 4.
743 3395 765 3438 4.
781 3392 836 3439 non
848 3428 853 3438 .
866 3427 872 3439 .
886 3427 892 3438 .
904 3391 1006 3440 sidem:
1019 3393 1125 3450 chesdet

121 3459 178 3505 that
194 3460 235 3505 tlte
252 3459 330 3505 obode
345 3460 375 3516 of
391 3460 526 3507 Terminus
536 3474 590 3507 wer
604 3466 649 3507 not
664 3461 788 3518 changed.
819 3461 953 3507 Terminus
963 3460 1125 3518 represented

120 3528 164 3573 the
182 3526 317 3587 bouudary
334 3532 407 3574 stone
425 3541 487 3575 over
503 3529 588 3575 which
603 3528 704 3585 Jupiter
721 3529 769 3575 has
785 3528 881 3586 special
898 3524 1123 3575 cere-finibus:
