2834 4117
722 307 799 357 ΤΙΤΙ
820 307 900 357 Livi

358 494 458 563 prime
473 484 569 544 dubia
582 484 716 544 victeria
729 492 842 559 magna
855 483 1013 560 utrimque
1026 484 1120 543 caede
1135 490 1316 561 pugnatum

358 589 414 643 est.
450 581 601 640 Reduetis
616 581 730 640 deinde
744 581 778 639 in
792 586 896 639 castra
907 580 1046 639 hostium
1061 580 1159 657 copiis
1174 581 1316 658 dateque

358 679 461 756 spatie
482 679 633 738 Romanis
655 677 696 737 ad
716 677 958 753 comparandum
978 677 1018 735 de
1038 676 1161 752 integre
1181 677 1315 752 bellum,

358 775 557 852 Tarquinius,
573 773 710 850 equitem
724 773 860 833 maxime
875 782 940 834 suis
954 774 1063 834 deesse
1077 774 1197 834 viribus
1212 779 1315 849 ratus,

358 873 398 932 ad
411 873 549 932 Ramnes
564 870 722 930 Titienses
737 871 879 944 Luceres,
892 879 970 946 ques
985 870 1142 930 centurias
1156 872 1316 931 Remulus

358 975 534 1047 scripserat,
568 967 681 1028 addere
713 966 793 1026 alies
824 966 991 1027 censtituit
1022 976 1139 1043 sueque
1170 976 1317 1042 insignes

321 1066 533 1143 arelinquere
567 1064 701 1123 nemine.
758 1063 799 1122 Id
825 1063 901 1139 quia
933 1063 1121 1138 inaugrrate
1155 1063 1316 1124 Remulus

357 1164 485 1237 fecerat,
505 1170 619 1237 negare
641 1160 739 1220 Attus
761 1159 893 1235 Navius,
913 1159 1041 1220 inclitus
1061 1168 1099 1219 ea
1121 1166 1316 1237 tempestate
1399 1237 1402 1244 γ

358 1278 465 1336 augur,
494 1276 595 1334 neque
627 1262 745 1315 mutari
774 1274 876 1332 neque
910 1275 1025 1314 novum
1060 1256 1219 1330 constitui,
1248 1256 1317 1315 nisi

321 1366 431 1417 4aves
466 1354 673 1427 addixissent,
709 1372 807 1430 posse.
871 1353 921 1411 Ex
958 1362 995 1412 ee
1030 1361 1077 1412 ire
1110 1362 1178 1428 regi
1215 1359 1315 1428 meta,

358 1454 551 1529 eludensque
588 1456 697 1524 artem,
732 1455 769 1509 ut
806 1449 923 1524 ferunt,
959 1448 1159 1525 “Agedum''
1194 1449 1314 1526 inquit,

360 1551 493 1609 “divine
516 1554 562 1622 tri,
585 1547 740 1622 inaugura
766 1545 875 1605 fierine
903 1546 1003 1623 possit
1031 1547 1114 1623 quod
1141 1564 1225 1605 nunc
1254 1565 1316 1621 ego

358 1635 462 1707 mente
490 1644 660 1721 concipie.''
717 1644 796 1703 Cum
820 1642 875 1702 ille
898 1642 1028 1719 augurio
1061 1662 1127 1702 rem
1160 1648 1313 1719 expertus

358 1744 499 1822 profecte
513 1742 653 1800 futuram
671 1740 814 1814 dixisset,
830 1737 958 1815 “Atqui
970 1739 1029 1799 hec
1043 1739 1148 1799 anime
1163 1739 1315 1815 agitavi,''

359 1839 471 1916 inquit,
488 1843 547 1898 “te
564 1836 717 1897 novacula
735 1841 835 1896 cetam
855 1836 1076 1911 discissurum3
1099 1854 1174 1913 cape
1188 1836 1266 1895 haec
1280 1842 1317 1896 et

360 1954 471 2015 perage
486 1935 570 2012 quod
586 1943 659 1994 aves
674 1939 747 1993 tuae
768 1932 838 1991 fieri
856 1950 947 2009 posse
966 1933 1187 2009 portendunt.”
1230 1934 1316 1992 Tum

323 2048 338 2092 t
359 2033 450 2092 illum
465 2031 552 2092 haud
566 2035 749 2090 cunctanter
761 2029 925 2088 discidisse
937 2037 1037 2088 cetem
1048 2030 1163 2088 ferunt.
1201 2029 1318 2089 Statua

360 2129 431 2189 Atti
445 2128 547 2205 capite
561 2127 675 2201 velate,
690 2135 753 2202 que
767 2126 802 2184 in
815 2125 883 2185 loce
898 2135 947 2185 res
964 2132 1036 2186 aeta
1051 2131 1108 2200 est,
1124 2126 1158 2184 in
1174 2125 1315 2201 comitio,

360 2227 394 2285 in
407 2225 555 2301 gradibus
570 2224 647 2301 ipsis
662 2223 702 2282 ad
716 2221 839 2281 laevam
853 2222 957 2281 curiae
971 2222 1052 2297 fuit3
1072 2228 1174 2282 cetem
1188 2241 1317 2299 quoque

361 2324 468 2383 eedem
482 2320 550 2380 loce
561 2321 655 2380 sitam
669 2320 769 2379 fuisse
780 2325 963 2393 memorant,
974 2325 1010 2379 ut
1021 2325 1103 2379 esset
1117 2319 1157 2378 ad
1171 2324 1317 2396 posteres

323 2435 339 2481 6
359 2418 504 2479 miraculi
524 2417 591 2478 eius
613 2422 855 2475 monumentum.
898 2414 1049 2491 Auguriis
1070 2421 1154 2475 certe
1175 2416 1318 2476 sacerde

360 2517 467 2593 tieque
482 2533 634 2589 augurum
644 2518 752 2573 tantus
766 2513 866 2572 hones
880 2512 1020 2587 accessit,
1029 2519 1066 2571 ut
1076 2511 1158 2571 nihil
1172 2512 1250 2572 belli
1263 2513 1318 2572 do

360 2623 465 2689 mique
480 2616 588 2688 postea
602 2610 666 2669 nisi
681 2609 842 2687 auspicato
864 2615 1032 2684 gereretur,
1047 2608 1181 2668 eoncilia
1193 2609 1316 2686 populi,

361 2708 515 2769 exereitus
539 2712 652 2781 vocati,
675 2725 797 2766 summa
821 2715 933 2781 rerum,
955 2705 1009 2765 ubi
1033 2715 1107 2766 aves
1131 2715 1196 2766 nen
1217 2706 1318 2766 admi-

349 2852 392 2901 86.
412 2852 489 2897 Attus
500 2850 599 2897 Navius
609 2850 660 2896 and
671 2850 715 2896 the
725 2849 901 2908 enlargement
910 2850 938 2895 of
948 2851 991 2895 the
1002 2849 1138 2896 centurias.
1162 2850 1185 2895 3.
1201 2847 1318 2909 inaugu-

310 2920 385 2970 rate:
406 2921 508 2977 impers.
530 2918 581 2965 abl.
600 2919 655 2964 abs.
677 2919 739 2964 used
759 2918 1056 2976 adverbially.-neque
1073 2950 1079 2963 .
1099 2951 1104 2963 .
1124 2951 1130 2963 .
1149 2928 1248 2975 neque:
1270 2920 1318 2965 the

309 2990 429 3049 negative
449 2987 614 3033 distribution
630 2986 657 3031 ol
677 2988 721 3033 the
737 2983 1088 3044 negative—addixissent:
1111 2985 1163 3031 like
1178 2986 1318 3033 admittere

314 3058 337 3117 (ξ
353 3055 418 3114 6),a
436 3055 562 3101 technical
580 3059 646 3099 term
666 3054 707 3099 for
727 3066 744 3099 a
763 3053 895 3099 favorable
916 3066 998 3099 omen.
1029 3055 1051 3099 4.
1072 3050 1176 3100 divine:
1197 3053 1316 3109 ironical‚

307 3126 415 3185 prophet
425 3120 662 3182 you-futuram:
680 3134 715 3167 sc.
727 3134 778 3168 erse
792 3134 853 3176 rem,
865 3121 927 3167 used
938 3121 964 3165 in
975 3122 1019 3166 the
1034 3121 1106 3178 place
1116 3122 1144 3166 of
1159 3121 1276 3179 apartic.
1288 3123 1318 3167 oi

307 3195 360 3251 fio.
367 3190 481 3238 -haem
499 3191 542 3237 the
553 3203 627 3236 razor
642 3190 693 3236 and
703 3190 748 3235 the
757 3189 899 3235 whetstone
910 3189 993 3234 which
1004 3189 1035 3234 he
1046 3188 1147 3234 handed
1158 3192 1203 3234 out
1214 3192 1242 3235 to
1252 3189 1316 3234 him.

309 3263 332 3307 ὅ.
354 3257 484 3320 gradibus
495 3256 547 3316 ip:
565 3258 630 3304 close
646 3256 677 3314 by
694 3258 735 3303 tte
750 3262 816 3314 steps
830 3256 934 3315 leading
950 3270 983 3314 up
999 3256 1065 3302 lrom
1081 3256 1125 3302 the
1140 3256 1274 3302 comitium
1289 3262 1317 3303 to

310 3330 354 3376 the
365 3329 444 3375 curia.
475 3329 498 3372 6.
519 3325 605 3373 certe:
623 3326 738 3371 whether
748 3325 792 3370 the
802 3329 873 3381 story
883 3325 930 3370 has
941 3337 992 3383 any
1003 3325 1077 3369 truth
1086 3338 1116 3370 or
1125 3328 1179 3379 not,
1188 3324 1318 3384 certainly

311 3409 411 3455 augur-y
423 3394 515 3453 gained
526 3407 541 3439 a
552 3398 641 3450 strong
651 3392 767 3449 impulse.
775 3390 925 3437 —eoncilia
934 3402 975 3448 p.:
991 3392 1058 3437 later
1071 3392 1133 3438 used
1143 3392 1171 3437 ol
1185 3393 1229 3438 the
1240 3394 1317 3438 comi·

312 3465 350 3510 tto
361 3462 466 3518 tribdis,
477 3462 538 3508 here
548 3459 674 3517 probably
684 3460 712 3504 ot
725 3460 768 3504 the
780 3473 800 3503 c.
812 3460 922 3504 corteto.
930 3457 1101 3504 —exerciti‘is
1110 3469 1151 3506 v.:
1168 3460 1212 3505 the
1223 3472 1317 3505 assem-

311 3530 384 3588 bling
403 3530 431 3575 of
451 3529 495 3574 the
516 3539 579 3573 com.
599 3526 904 3573 contundat-summa
924 3536 961 3572 r.:
981 3531 1088 3572 matters
1108 3527 1138 3583 os
1154 3528 1194 3573 tlte
1214 3527 1318 3587 highest
