2834 4117
561 362 672 411 LIBER
696 361 711 410 Ι
1094 353 1135 418 53

131 537 293 614 utrimque
322 546 443 596 summa
470 556 527 613 ope
555 542 711 613 pararent,
740 541 883 613 vertique
911 537 945 595 in
972 547 1010 597 eo
1037 548 1086 597 res

132 634 302 707 videretur,
317 639 382 693 utri
396 633 482 709 prius
498 652 584 693 arma
598 634 761 708 inferrent,
777 639 908 710 occupat
922 634 1034 694 Tullus
1053 635 1087 692 in

134 750 243 806 agrum
272 730 422 789 Sabinum
449 734 591 789 transire.
642 731 755 805 Pugna
782 735 872 789 atrox
900 731 940 789 ad
968 731 1085 791 Silvam
1123 746 1138 790 9

134 826 329 887 Malitiosam
350 826 422 901 fuit,
438 826 492 885 ubi
513 832 545 885 et
566 826 707 903 peditum
730 827 856 904 quidem
877 828 994 902 robore,
1010 833 1087 887 cete
1164 854 1170 864 ·

134 943 204 981 rum
226 923 371 1001 equitati-'1
395 928 486 983 aucti)
510 933 611 1000 nuper
635 923 807 999 plurimum
834 924 978 983 Romana
1004 924 1086 984 acies

134 1019 244 1079 valuit.
286 1018 338 1079 Ab
352 1019 510 1097 equitibus
526 1027 654 1096 repente
668 1020 802 1079 invectis
822 1020 942 1079 turbati
962 1021 1086 1081 ordines
1109 1036 1138 1080 10

136 1122 208 1176 sunt
223 1116 426 1191 Sabinorum
449 1134 506 1175 nec
523 1126 628 1192 pugna
647 1116 760 1175 deinde
781 1115 846 1177 illis
868 1121 1009 1177 constare
1030 1136 1087 1176 nec

135 1212 210 1287 iuga
224 1212 376 1289 explicari
391 1213 459 1273 sine
472 1222 586 1287 magna
599 1213 693 1272 caede
707 1212 818 1289 potuit.

173 1310 221 1369 31.
251 1309 393 1369 Devictis
414 1310 537 1369 Sabinis
556 1328 626 1368 cum
647 1309 682 1368 in
702 1319 815 1385 magna
835 1310 936 1387 gloria
955 1320 1089 1387 magnis

137 1424 194 1482 que
216 1406 326 1482 opibus
348 1415 476 1481 regnum
498 1406 585 1464 Tulli
606 1424 641 1466 ac
662 1412 731 1466 tcta
751 1416 800 1466 res
825 1408 969 1479 Romana
995 1413 1086 1483 esset,

136 1502 315 1562 nuntiatum
327 1512 393 1577 regi
404 1502 608 1579 patribusque
620 1503 713 1562 estin
723 1508 828 1563 monte
839 1502 964 1564 Albano
977 1505 1088 1582 lapidi-

136 1598 191 1659 bus
206 1598 354 1676 pliivisse.
397 1600 486 1669 Quod
502 1618 572 1658 cum
586 1600 671 1658 credi
684 1600 740 1658 vix
754 1606 868 1676 posset,
880 1601 985 1662 missis
1000 1603 1041 1661 ad
1054 1602 1087 1661 id
1123 1617 1138 1660 a

136 1696 299 1756 visendum
321 1696 499 1772 prodigium
520 1695 554 1754 in
574 1702 752 1773 conspectu,
767 1696 853 1756 haud
874 1698 974 1773 aliter,
994 1718 1087 1775 quam

136 1810 204 1851 cum
233 1792 417 1868 grandinem
444 1798 532 1851 venti
559 1791 764 1868 glomeratam
791 1793 825 1851 in
852 1799 952 1853 terras
980 1801 1086 1871 agunt,

137 1890 235 1949 crebri
246 1888 384 1949 cecidere
395 1889 480 1949 caelo
491 1888 621 1967 lapides.
664 1890 735 1951 Visi
749 1890 844 1949 etiam
859 1891 965 1949 audire
980 1901 1087 1951 vocem
1123 1912 1138 1957 3

136 1984 294 2061 ingentem
322 2004 361 2045 ex
389 1995 503 2045 summi
531 1986 700 2045 cacuminis
729 1986 808 2061 luco,
830 1991 866 2045 ut
893 1987 997 2064 patrio
1023 1994 1087 2047 ritis

137 2100 222 2141 sacra
242 2080 360 2141 Albani
380 2082 530 2157 facerent,
551 2100 638 2159 quae,
657 2082 745 2141 velut
766 2083 826 2142 diis
849 2102 972 2160 quoque
993 2083 1087 2144 simul

137 2195 204 2236 cum
218 2178 322 2256 patria
336 2177 464 2253 relictis,
480 2177 631 2238 oblivioni
645 2179 805 2254 dederant,
820 2184 852 2237 et
871 2186 926 2239 aut
947 2180 1089 2240 Romana

138 2292 222 2334 sacra
242 2281 444 2352 susceperant
465 2281 520 2335 aut
540 2276 695 2350 fortunae,
711 2281 748 2334 ut
768 2275 814 2350 fit,
833 2276 947 2336 obirati
967 2277 1087 2336 cultum

137 2370 326 2449 reliquerant
354 2372 455 2431 deum.
498 2369 649 2431 Romanis
678 2390 802 2449 quoque
827 2372 866 2431 ab
890 2373 998 2432 eodem
1020 2384 1088 2450 pro
1122 2391 1138 2435 4

138 2466 219 2543 digiti
240 2467 427 2527 novendiale
449 2486 570 2528 sacrum
594 2467 720 2546 publice
745 2473 924 2545 susceptum
953 2475 1010 2544 est,
1032 2488 1088 2530 scu

172 2698 194 2743 8.
215 2696 304 2743 verti.
318 2729 324 2743 .
337 2728 345 2742 .
356 2694 504 2742 inferrent:
522 2695 562 2741 the
577 2696 721 2753 important
737 2696 854 2753 question
869 2708 929 2751 was,
945 2696 1030 2743 which
1045 2697 1138 2745 should

138 2764 629 2822 11111111110111111111111111111111.
667 2764 690 2809 9.
712 2760 940 2809 e't...ceterum:
965 2764 1138 2812 both...but

137 2831 406 2889 also.-auot6=out
424 2836 516 2877 auctus
533 2834 596 2877 crat.
633 2832 669 2875 10.
691 2831 803 2887 repente
822 2829 855 2875 i.:
880 2832 979 2877 sudden
999 2832 1138 2889 charpa-

136 2897 201 2959 iuga
215 2911 238 2947 e.
248 2914 253 2946 :
269 2902 314 2947 the
324 2900 464 2945 formation
474 2900 501 2945 oi
517 2900 560 2945 the
571 2904 658 2957 troops
669 2899 713 2944 did
723 2904 769 2943 not
779 2899 862 2943 admit
872 2911 888 2944 1
898 2898 996 2945 sudden
1011 2900 1138 2959 breaking

136 2980 168 3026 up
178 2970 287 3015 without
297 2972 371 3027 great
380 2968 440 3014 loss.
471 2968 493 3012 A
504 2967 640 3013 surrender
649 2967 671 3013 is
682 2966 794 3023 implied.

174 3035 216 3083 81.
237 3036 377 3095 Prodigies.
409 3036 491 3081 Death
509 3036 536 3080 oi
551 3035 647 3081 Tullus.
677 3036 699 3079 1.
721 3031 872 3090 lapidibus:
891 3034 952 3080 inst.
969 3034 1035 3091 abl.;
1053 3048 1070 3081 1
1085 3035 1137 3082 vol-

136 3106 205 3151 canic
215 3106 400 3163 phenomenon.
431 3106 452 3149 2.
474 3101 577 3149 missis:
595 3104 649 3149 dat.
660 3104 724 3148 with
736 3103 855 3148 cecidere.
885 3102 938 3147 The
949 3108 1035 3159 repert
1045 3116 1098 3149 was
1108 3117 1136 3150 so

136 3172 272 3219 incredible
284 3173 342 3218 that
352 3172 446 3229 special
462 3184 619 3228 messengers
629 3184 696 3217 were
707 3175 764 3215 sent
775 3175 802 3215 to
813 3171 920 3216 observo
930 3171 973 3215 the
984 3171 1100 3229 prodigy.
1107 3196 1137 3204 -

135 3237 163 3287 in
177 3238 334 3298 conspecti:
352 3245 378 3285 to
394 3240 461 3286 their
477 3252 536 3297 eyes
551 3240 595 3284 the
611 3238 704 3296 falling
718 3243 805 3284 stenes
821 3238 913 3283 looked
929 3238 982 3285 like
998 3252 1094 3286 messes
1109 3240 1137 3285 oi

135 3308 186 3356 hail
194 3310 284 3355 driven
292 3310 327 3367 by
334 3308 378 3353 the
386 3308 463 3354 wind.
494 3308 516 3352 3.
534 3305 608 3353 lici:
624 3308 668 3353 the
676 3320 754 3365 grove
763 3306 790 3351 oi
800 3306 917 3363 luppiter
928 3306 1039 3352 Latiaris
1050 3320 1082 3352 on
1092 3308 1137 3353 the

134 3379 178 3435 top
188 3378 215 3423 oi
225 3378 269 3427 the
280 3376 363 3422 Alban
374 3379 472 3421 mount.
479 3376 543 3421 -et
552 3376 614 3421 aut:
631 3376 675 3421 the
686 3373 794 3420 relative
808 3374 894 3419 clause
904 3386 990 3430 passes
1002 3375 1056 3420 into
1066 3376 1137 3420 what

135 3444 156 3489 is
175 3442 327 3502 practically
347 3457 380 3489 11
400 3443 571 3501 independent
595 3439 878 3489 sentence-obirati:
906 3442 949 3487 the
969 3442 1041 3499 gods,
1062 3443 1136 3487 when

136 3519 224 3570 angry,
236 3511 361 3569 punishod
370 3511 439 3557 their
449 3511 627 3567 worshippers‚
639 3510 690 3555 and
701 3523 768 3564 men,
779 3511 853 3554 when
869 3521 951 3567 angry
960 3514 989 3554 at
1004 3510 1047 3555 the
1063 3509 1135 3567 gods,

136 3578 266 3637 neglected
276 3578 344 3623 their
354 3578 473 3636 worship.
503 3579 526 3623 4.
548 3587 664 3635 quoque:
682 3578 724 3622 te.
736 3578 779 3622 the
790 3577 899 3635 original
915 3576 1028 3623 Romans
1039 3589 1067 3624 as
1077 3575 1137 3622 well
