2834 4117
704 341 782 391 ΤΙΤΙ
804 341 882 390 LIVI

340 515 540 575 culano-is
567 516 659 591 longe
686 525 832 593 princeps
860 517 968 575 Latini
995 516 1131 578 nominis
1158 523 1235 593 erat,
1266 529 1299 579 si

339 612 442 672 famae
459 612 624 687 credimus,
639 612 679 671 ab
697 601 794 673 Ulixe
812 612 931 690 deaque
947 613 1038 673 Circa
1053 614 1299 674 oriundus—ei

338 707 482 768 Mamilio
503 708 606 768 tiliam
627 715 761 785 nuptum
782 710 846 783 dat,
861 728 978 786 perque
999 719 1051 770 ees
1072 710 1199 788 nuptias
1214 712 1298 770 mul-

338 810 387 865 tos
403 806 463 865 sibi
478 810 625 881 cognatos
640 815 818 883 amicosque
832 806 899 865 eius
913 795 1067 866 conciliat.

377 902 424 962 50.
455 902 524 961 Iam
535 911 647 977 magna
661 902 814 979 Tarquini
824 902 994 962 auctoritas
1009 903 1092 962 inter
1105 904 1296 964 Latinorum

337 1008 478 1076 proceres
493 1004 569 1073 erat,
584 1017 653 1058 cum
669 999 703 1056 in
720 999 804 1057 diem
821 1004 938 1058 certam
952 1005 988 1059 ut
1002 999 1043 1057 ad
1057 1000 1162 1059 hicum
1176 1001 1298 1060 Feren-

337 1100 422 1155 tinae
450 1095 637 1154 conveniant
665 1095 793 1154 indicit:
825 1113 893 1154 esse
918 1114 997 1172 quae
1019 1113 1109 1171 agere
1133 1096 1295 1157 derebus

301 1205 316 1249 2
337 1191 650 1251 communibusvelit.
694 1191 892 1252 Conveniunt
902 1192 1083 1268 frequentes
1098 1201 1200 1269 prima
1209 1192 1293 1252 hice.

337 1287 410 1365 Ipse
425 1288 614 1365 Tarquinius
630 1288 714 1347 diem
731 1288 858 1365 quidem
872 1288 1019 1363 servavit,
1035 1289 1091 1348 sed
1107 1288 1201 1365 paulo
1215 1296 1294 1349 ante

337 1402 430 1461 quam
447 1385 494 1444 sol
514 1384 677 1457 occideret,
692 1384 788 1443 venit.
831 1384 936 1444 Multa
953 1384 999 1444 ibi
1019 1390 1087 1445 tota
1100 1385 1153 1445 die
1169 1386 1204 1444 in
1221 1404 1295 1445 con-

301 1494 315 1539 3
336 1480 409 1540 cilio
431 1482 528 1541 variis
553 1481 670 1540 iactata
692 1480 886 1540 sermonibus
911 1486 1008 1540 erant.
1062 1482 1185 1541 Turnus
1210 1483 1295 1542 Her-

337 1577 448 1636 donius
473 1577 513 1637 ab
534 1576 642 1637 Aricia
666 1577 814 1637 ferociter
838 1577 872 1635 in
895 1577 1056 1637 absentem
1081 1579 1293 1656 Tarquinium

336 1656 403 1733 erat
431 1674 591 1733 invectus:
626 1673 714 1733 haud
741 1682 855 1732 mirum
883 1690 950 1734 esse
979 1675 1119 1751 Superbe
1150 1676 1291 1735 inditum

336 1770 453 1830 Romae
473 1770 763 1847 cognomen-iam
785 1770 868 1829 enim
889 1770 935 1829 ita
955 1770 1036 1830 clarn
1057 1772 1185 1848 quidem
1207 1792 1292 1833 mus-

336 1867 476 1943 sitantes,
493 1867 587 1943 vulgo
601 1872 707 1926 tamen
721 1885 792 1925 eum
807 1866 1106 1943 appellebant—an
1119 1868 1292 1946 quicquam

335 1964 499 2041 superbius
518 1982 585 2023 esse
605 1982 699 2040 quam
716 1962 872 2022 ludificari
892 1972 937 2023 sic
958 1982 1049 2023 omne
1069 1974 1183 2025 nomen
1203 1966 1292 2025 Lati·

298 2076 313 2119 4
336 2063 436 2119 num?
477 2060 677 2137 Principibus
695 2058 786 2136 longe
808 2059 847 2118 ab
864 2059 956 2119 domo
975 2060 1087 2121 excitis
1102 2061 1216 2139 ipsum,
1231 2072 1291 2139 qui

334 2155 500 2223 concilium
524 2156 683 2231 indixerit,
709 2166 772 2216 non
796 2156 913 2215 adesse.
956 2158 1118 2234 Temptaui
1144 2159 1290 2236 profecto

334 2252 529 2331 patientiam,
544 2257 589 2327 ut,
610 2262 637 2311 si
653 2252 761 2328 iugum
782 2252 968 2330 acceperint,
984 2254 1132 2314 obnoxios
1154 2261 1287 2331 premat.

334 2350 393 2410 Oui
417 2349 499 2409 enim
524 2358 587 2409 non
612 2358 770 2425 apparere,
792 2349 950 2409 adfectare
974 2368 1045 2409 eum
1066 2350 1231 2427 imperium
1253 2352 1289 2410 in

297 2461 312 2505 o
333 2448 490 2505 Latinos?
532 2446 621 2515 Quod
642 2454 670 2505 si
691 2454 741 2505 sui
761 2446 839 2505 bene
861 2446 1052 2506 crediderint
1072 2457 1167 2522 cives,
1181 2453 1236 2507 aut
1258 2458 1289 2509 si

333 2542 486 2601 creditum
511 2541 591 2600 illud
615 2545 647 2600 et
671 2551 734 2601 non
755 2546 880 2619 raptum
901 2543 1068 2619 parricidio
1089 2543 1140 2617 sit,
1160 2544 1288 2603 credere

333 2645 364 2698 et
382 2640 521 2713 Latinos,
537 2656 726 2715 quamquam
744 2647 784 2696 ne
804 2647 848 2697 sie
869 2638 997 2715 quidem
1018 2638 1221 2716 alienigenae,
1236 2640 1289 2700 de

296 2751 311 2797 6
332 2736 421 2811 bere3
444 2745 493 2795 sin
518 2744 590 2795 suos
616 2734 682 2793 eius
707 2735 876 2811 paeniteat,
899 2735 1014 2813 quippe
1039 2745 1094 2813 qui
1115 2737 1171 2795 alii
1191 2755 1288 2813 super

332 2831 411 2893 alios
425 2832 631 2905 trucidentur,
646 2831 825 2890 exsulatum
839 2836 921 2906 eant,
936 2832 1018 2891 bona
1036 2833 1194 2907 amittant,
1209 2834 1289 2910 quid

332 2938 400 3007 spei
414 2928 553 2988 melioris
568 2930 691 2988 Latinis
706 2928 877 3005 portendi?
920 2929 955 2987 Si
966 2938 999 2988 se
1010 2929 1148 3006 audiant,
1159 2930 1287 2989 domum

281 3088 321 3134 his
336 3086 455 3145 personal
470 3085 610 3145 following.
648 3085 671 3131 9.
692 3083 821 3142 nuptum:
842 3085 873 3131 in
887 3087 1036 3145 mamupe;
1057 3086 1097 3133 lit.
1113 3086 1156 3133 for
1170 3086 1211 3134 tlte
1225 3088 1288 3134 veil-

281 3157 344 3212 inm
360 3154 458 3213 supine.

321 3221 364 3269 60.
385 3224 407 3267 2.
428 3219 545 3268 locuta:
562 3221 693 3267 discussed
702 3220 813 3267 without
822 3220 944 3277 decision,
956 3234 985 3267 as
995 3222 1038 3267 the
1053 3222 1184 3281 presiding
1199 3221 1287 3269 officer

281 3304 335 3338 was
350 3292 449 3346 absent,
465 3290 516 3336 and
531 3290 715 3336 deliberations
730 3288 812 3336 ended
827 3292 855 3334 at
870 3293 965 3335 sunset.
994 3290 1017 3334 3.
1038 3288 1110 3335 olem
1123 3324 1128 3335 .
1142 3324 1148 3335 .
1161 3293 1284 3337 .te.men:

281 3360 344 3407 with
362 3362 445 3406 secret
462 3357 617 3415 mutterings
637 3357 738 3412 indeed,
756 3357 804 3402 but
823 3361 867 3415 yet
886 3358 1216 3415 genere1.—e.n...esso:
1241 3360 1285 3405 the

281 3426 419 3474 rhetorical
439 3426 556 3485 question
577 3426 604 3470 ol
624 3426 667 3470 the
687 3425 770 3471 direct
789 3425 888 3481 speech.
924 3427 947 3469 4.
968 3422 1097 3471 obnoxiis
1116 3436 1157 3481 p:
1183 3438 1286 3483 oppress

282 3496 351 3543 them
369 3494 505 3542 arelaten.
535 3495 558 3539 5.
577 3491 663 3546 Quod:
688 3494 729 3538 te.
748 3490 1018 3550 imperium-beno:
1042 3498 1066 3538 to
1086 3494 1151 3538 their
1164 3494 1286 3550 profit.-

281 3561 390 3611 oredere
402 3596 408 3609 .
421 3596 426 3609 .
441 3596 446 3607 .
458 3560 566 3609 debere:
584 3560 624 3607 the
634 3560 728 3607 Latine
737 3559 790 3606 also
801 3561 879 3617 oupht
890 3565 915 3607 to
926 3565 993 3606 trust
1007 3560 1063 3607 Irim
1073 3560 1221 3619 (perhaps),
1230 3563 1286 3609 oud
