2834 4117
687 314 764 363 ΤΙΤΙ
785 312 865 363 Livi

322 489 449 567 poribus
467 489 642 567 animisque
660 494 786 567 sumpte
804 489 868 548 iam
888 498 951 549 nen
965 489 1050 549 feres
1065 494 1189 549 tantum
1207 488 1277 549 sub-

323 586 442 661 sistere,
458 586 560 645 sedin
574 585 712 646 latrenes
728 586 844 663 praede
862 591 990 647 onustos
1004 586 1144 663 impetis
1160 585 1276 661 faeere,

322 683 561 760 pastoribusque
584 689 675 759 rapta
693 682 843 758 dividere,
858 688 890 742 et
910 701 981 742 oum
999 683 1050 742 his
1067 688 1225 742 crescente
1242 683 1277 741 in

323 780 390 839 dies
405 798 496 856 grege
511 780 656 839 iuvenum
674 780 756 841 seria
769 799 804 839 ae
819 780 902 840 ioces
916 779 1079 839 celebrere.

363 877 390 936 5.
421 877 489 935 Iam
510 882 578 935 tum
600 876 633 935 in
654 877 779 937 Paletie
799 883 905 936 monte
926 876 1080 954 Lupercal
1098 876 1158 937 hec
1176 877 1277 937 fuisse

323 972 479 1032 ludicrum
519 973 635 1048 ferrmt,
671 979 702 1033 et
739 983 758 1033 a
794 973 968 1049 Pallantee,
999 975 1075 1034 urbe
1112 973 1276 1049 Arcadiae,

288 1070 525 1145 2Pallantium,
546 1070 619 1128 dein
640 1070 799 1130 Palatium
821 1077 959 1131 montem
980 1071 1181 1149 appellatum.
1226 1071 1278 1131 Ibi

324 1167 515 1240 Euandrum,
540 1176 659 1243 quiex
686 1176 723 1226 ee
748 1185 859 1243 genere
882 1167 1041 1227 Arcadum
1069 1168 1178 1227 multis
1203 1173 1277 1227 ante

324 1264 563 1340 tempestatibus
598 1264 736 1323 tenuerit
770 1264 845 1339 loca,
877 1265 1027 1325 sollemne
1061 1265 1202 1325 adlatum
1236 1284 1277 1324 ex

324 1360 461 1419 Arcadia
485 1360 670 1434 instituisse,
698 1365 735 1419 ut
757 1361 834 1420 midi
854 1360 982 1422 iuvenes
1007 1363 1164 1440 Lycaeum
1189 1363 1278 1421 Pena

301 1478 303 1483 ·
325 1462 509 1516 venerantes
524 1476 579 1533 per
593 1457 697 1516 lusum
713 1463 806 1535 atque
821 1457 982 1518 lasciviam
999 1464 1167 1534 currerent,
1184 1477 1276 1535 quem

289 1554 461 1613 sRemeni
495 1554 607 1613 deinde
637 1560 826 1613 voeeverunt
860 1555 982 1614 Inuum.
1039 1556 1125 1614 Huic
1159 1555 1277 1615 deditis

325 1650 454 1724 ludicre,
469 1668 540 1708 cum
559 1650 708 1710 sollemne
726 1656 835 1711 netum
852 1657 944 1727 esset,
959 1652 1124 1712 insidiatos
1139 1652 1178 1712 cb
1197 1661 1278 1711 iram

325 1747 458 1823 praedae
488 1747 620 1806 emissae
651 1747 798 1822 latrenes,
827 1766 897 1807 cum
925 1749 1078 1809 Remulus
1106 1758 1140 1808 vi
1166 1758 1200 1809 se
1227 1750 1278 1807 de-

325 1843 488 1918 fendisset,
513 1845 647 1901 Remum
671 1844 800 1921 cepisse,
829 1851 953 1922 captum
979 1855 1045 1920 regi
1065 1845 1193 1905 Amulio
1217 1851 1279 1905 tre

326 1940 443 2019 didisse
462 1940 545 1999 ultre
567 1946 756 2000 accusantes.
799 1942 932 2002 Crimini
952 1942 1087 2001 maxime
1106 1942 1223 2001 dabant
1242 1942 1278 2001 in

289 2055 305 2099 4
325 2036 503 2097 Numiteris
514 2046 604 2111 agres
620 2036 658 2096 ab
673 2036 712 2097 iis
727 2037 864 2114 impetes
879 2037 962 2113 fieri;
985 2038 1058 2097 inde
1073 2049 1125 2099 ees
1137 2039 1278 2098 conlecta

326 2133 473 2191 iuvenum
502 2142 597 2192 marni
625 2133 774 2193 hostilem
802 2134 836 2192 in
863 2135 990 2193 modum
1017 2136 1148 2212 praedes
1177 2154 1276 2211 agere.

289 2241 304 2286 5
327 2230 377 2289 Sic
405 2229 445 2288 ad
472 2229 662 2307 supplicium
689 2230 851 2290 Numiteri
878 2232 996 2291 Remus
1023 2232 1156 2292 deditur.
1208 2233 1278 2291 Iam

325 2326 398 2385 inde
423 2325 462 2385 ab
486 2326 579 2385 initio
602 2326 755 2387 Faustule
780 2337 851 2404 spes
875 2327 979 2388 fuerat
1003 2328 1121 2403 regiam
1146 2329 1277 2406 stirpem

325 2424 409 2500 apud
423 2432 457 2482 se
472 2424 612 2481 educari:
635 2442 708 2482 nam
723 2428 755 2483 et
769 2424 927 2501 expositos
939 2424 1027 2485 iussn
1041 2426 1122 2501 regis
1137 2426 1277 2485 infantes

326 2519 451 2594 sciebat,
477 2524 509 2578 et
533 2524 666 2596 tempus,
696 2529 758 2597 que
785 2521 852 2598 ipse
880 2531 933 2581 ees
962 2521 1150 2597 sustulisset,
1175 2523 1216 2581 ad
1243 2522 1277 2581 id

324 2616 429 2695 ipsum
454 2634 639 2691 congruere;
672 2617 727 2675 sed
749 2635 815 2676 rem
835 2616 1035 2677 immaturam
1060 2618 1122 2679 nisi
1147 2625 1201 2677 aut
1222 2638 1277 2696 per

325 2712 517 2773 eccesienem
545 2718 598 2771 aut
629 2732 684 2789 per
718 2713 936 2773 necessitatem
971 2724 1090 2792 aperire
1123 2715 1275 2775 noluerat.

313 2928 334 2972 9.
356 2923 424 2972 iam:
448 2925 573 2983 atrocem
592 2925 680 2972 before
696 2926 740 2972 the
755 2931 845 2973 events
860 2926 888 2973 oi
902 2926 947 2973 the
961 2929 1025 2973 next
1033 2925 1279 2985 thlipsen—subsi-

274 2996 359 3040 stare:
378 2994 421 3049 loy
432 2994 462 3039 in
472 2991 670 3040 walt-iocds:
687 2994 916 3052 merryoaalcings.
947 2994 1000 3041 'ibe
1015 2996 1162 3052 expression
1177 2996 1200 3040 is
1216 2996 1277 3041 used

274 3062 368 3119 simply
379 3074 407 3107 as
418 3073 434 3107 a
444 3066 560 3107 contrast
570 3067 597 3107 to
608 3063 685 3118 seria,
696 3063 747 3108 and
758 3067 785 3108 to
796 3075 903 3119 prepare
913 3062 955 3108 ior
965 3063 1009 3108 the
1020 3063 1160 3120 following.

313 3127 338 3175 t.
359 3129 459 3175 Fallet
474 3129 601 3175 Amulius.
633 3132 654 3175 1.
675 3131 779 3177 monte:
797 3142 883 3188 appos.
895 3130 923 3175 oi
937 3130 1049 3177 Pacete.
1060 3129 1156 3177 -Ιιόοε
1174 3131 1214 3176 the
1230 3143 1278 3178 ocae

273 3197 328 3243 still
338 3197 367 3243 io
378 3194 619 3244 usa-litterum:
629 3198 748 3254 festival.
779 3198 804 3243 It
811 3211 865 3245 was
875 3198 902 3243 in
912 3198 1053 3257 February,
1064 3199 1091 3244 in
1102 3199 1183 3244 honor
1192 3198 1220 3244 ol
1234 3199 1278 3245 the

273 3266 323 3323 god
339 3266 367 3311 oi
381 3264 472 3320 fionius,
483 3265 626 3323 Lupercus;
642 3267 785 3312 associated
800 3267 864 3313 with
879 3267 941 3312 Pan.
970 3268 992 3311 2.
1008 3264 1231 3324 tempestatibus
1249 3280 1278 3314 aa

274 3347 312 3380 we
333 3346 380 3392 say
400 3346 503 3380 seosons
523 3334 565 3379 ior
584 3332 788 3390 years-nidi:
810 3336 852 3381 ic.
873 3335 975 3381 clothed
995 3337 1057 3393 only
1076 3336 1103 3380 in
1123 3334 1277 3393 goat-skins.

274 3402 296 3447 3.
312 3399 431 3459 praedae
442 3412 481 3447 a:
499 3402 540 3448 the
551 3401 601 3447 loss
609 3402 639 3458 os
647 3401 715 3448 their
725 3402 808 3459 teoto,
820 3416 849 3449 as
859 3402 886 3448 in
896 3404 933 3447 21.
943 3404 964 3447 1.
973 3402 1149 3461 5.—eepisse‚
1159 3413 1193 3448 e:
1210 3403 1277 3460 took,

274 3470 328 3515 and
339 3470 407 3516 then.
414 3494 444 3502 —
451 3468 537 3516 bitte:
556 3470 670 3527 actually
679 3482 687 3527 ,·
703 3483 752 3516 one
762 3470 846 3517 would
857 3475 903 3517 not
913 3475 1003 3527 expect
1013 3483 1030 3516 a
1040 3471 1134 3529 charge
1145 3472 1212 3515 from
1223 3472 1279 3517 rob-

274 3537 339 3583 bers.
385 3540 407 3583 5.
433 3535 621 3584 immetilram:
658 3538 856 3596 uoseasonotly,
882 3536 1277 3597 medicativa-occasienom:
