2834 4117
293 294 335 359 46
711 300 786 349 nm
808 300 887 349 mvi

344 479 491 554 lueretur,
507 478 694 556 imperatum
715 482 800 554 patri
820 483 857 535 ut
877 476 982 535 fllium
1004 475 1146 553 exploret
1165 478 1303 554 pecunia

294 589 322 633 13
344 577 477 654 publico.
520 576 552 635 Is
569 575 754 653 quibusdam
773 573 984 651 piacularibus
1006 572 1168 633 sacrificiis
1190 574 1299 651 factm,

344 693 423 752 quae
447 673 560 733 deinde
585 677 672 748 genti
696 671 848 730 Horatiae
871 670 990 730 tradita
1009 675 1092 745 sunt,
1111 672 1302 733 transmisso

344 790 400 849 per
427 770 510 831 viam
538 769 651 845 tigillo,
679 769 782 845 capite
810 768 961 845 adoperto
988 767 1075 826 velut
1100 767 1161 827 sub
1188 767 1301 844 iugum

343 868 431 928 misit
445 868 597 927 iuvenem.
641 866 680 924 Id
700 864 794 925 hodio
816 883 938 942 quoque
960 863 1084 942 pobliee
1105 881 1229 941 semper
1256 884 1301 925 re

294 982 322 1027 14
343 966 463 1025 fectum
486 969 608 1038 manet3
641 963 794 1023 sororium
817 961 956 1036 tigillum
980 966 1100 1020 vocant.
1143 962 1302 1021 Horatiae

345 1062 530 1139 sepulcrum,
556 1070 618 1137 quo
639 1060 708 1120 loeo
732 1063 891 1119 corruerat
915 1058 986 1135 icta,
1012 1063 1226 1119 constructum
1250 1064 1300 1120 est

345 1169 420 1219 saxo
435 1158 594 1235 quadrato.
683 1190 692 1209 .

384 1256 431 1315 27.
460 1257 528 1314 Nee
555 1253 610 1314 dio
637 1262 699 1331 pax
727 1252 852 1312 Albona
877 1251 1002 1312 mansit
1044 1250 1172 1311 Invidia
1197 1252 1300 1329 vulgi,

345 1353 428 1430 quod
442 1352 542 1411 tribus
554 1350 707 1410 militibus
722 1350 851 1409 fortuna
864 1349 990 1427 publiea
1002 1349 1168 1409 commissa
1181 1348 1299 1425 fuerat,

345 1458 459 1509 vonum
477 1448 638 1524 ingenium
652 1447 816 1506 dietotoris
830 1447 978 1524 corrupit,
993 1451 1034 1521 et,
1049 1445 1196 1523 quoniam
1211 1453 1300 1507 recta

345 1546 477 1606 consilia
490 1545 575 1604 haud
586 1545 664 1604 bene
679 1549 857 1618 evenerant,
870 1552 975 1621 provis
990 1543 1189 1602 reconciliare
1201 1561 1300 1621 popu-

309 1656 323 1700 a
344 1642 459 1701 larium
473 1642 593 1701 animos
607 1641 719 1718 eoepit.
762 1640 866 1716 Igitur
879 1645 916 1699 ut
928 1640 1017 1717 prius
1032 1639 1065 1698 in
1079 1639 1162 1699 bello
1176 1649 1299 1716 pacem,

345 1748 390 1799 sic
404 1738 438 1797 iu
458 1747 533 1815 poce
555 1737 672 1797 bellum
689 1747 852 1814 quaerens,
867 1736 942 1813 quia
956 1754 1029 1797 suae
1043 1736 1167 1795 civitati
1180 1735 1301 1797 animo

344 1855 414 1894 rum
429 1835 499 1912 plos
514 1853 607 1912 quam
622 1834 738 1892 virium
752 1834 898 1893 cernebat
912 1851 989 1907 esse,
1004 1832 1044 1892 ad
1058 1833 1176 1892 bellum
1190 1832 1299 1909 palam

344 1939 438 2009 atque
459 1951 498 1991 ex
519 1932 620 1991 edicto
640 1931 814 2006 gerundum
831 1930 909 1989 alios
924 1929 1058 1989 eoncitat
1073 1930 1214 2007 populos,
1230 1939 1299 1991 suis

309 2047 399 2106 eper
428 2028 562 2106 speeiem
590 2027 749 2088 societotis
776 2026 986 2104 proditionem
1009 2032 1156 2087 reservat.
1206 2026 1301 2087 Fido-

344 2131 443 2200 nateS,
466 2125 587 2185 colonia
607 2126 759 2199 Romana,
780 2123 966 2185 Veientibus
988 2123 1080 2183 sociis
1101 2122 1226 2183 consilii
1247 2125 1300 2184 ad·
1360 2177 1365 2184 .

346 2228 488 2299 comptis,
501 2228 592 2299 pacto
603 2221 800 2281 transitionis
812 2220 1006 2280 Albanorum
1020 2220 1060 2279 ad
1074 2220 1190 2280 bellum
1201 2225 1299 2298 atque

308 2330 431 2378 4arma
458 2318 638 2377 incitantur.
695 2318 774 2378 Cum
801 2318 939 2376 Fidenae
972 2322 1080 2394 aperto
1112 2317 1299 2391 descissent,

345 2416 465 2490 Tullus,
482 2415 595 2474 Mettio
610 2414 810 2491 exercituque
830 2414 897 2474 eius
915 2414 954 2472 ab
968 2413 1051 2473 Albo
1065 2419 1173 2487 accito,
1188 2419 1301 2474 contra

344 2512 450 2572 hostes
478 2511 573 2570 doeit.
616 2511 681 2572 Ubi
706 2510 862 2570 Anienem
886 2510 1022 2584 transiit,
1047 2510 1088 2569 ad
1110 2508 1298 2571 confluentis

308 2626 323 2670 c
344 2608 485 2668 conlocat
504 2612 614 2667 castra.
656 2609 746 2667 Inter
767 2626 838 2666 eum
858 2607 962 2666 locum
983 2613 1015 2666 et
1035 2605 1170 2665 Fidenas
1187 2606 1300 2667 Veien-

344 2705 424 2765 tium
442 2704 596 2765 exercitus
617 2704 757 2765 Tiberim
778 2704 954 2764 transierat.
997 2704 1043 2762 Hi
1059 2703 1094 2761 in
1114 2702 1179 2762 acio
1200 2721 1299 2780 prope

295 2919 379 2967 would
390 2919 478 2966 ehame
490 2920 563 2965 those
578 2918 725 2976 puniehing.
756 2919 793 2963 12.
813 2915 951 2964 luerotur:
967 2918 1012 2963 the
1026 2916 1104 2963 crime
1115 2915 1143 2962 of
1157 2919 1260 2962 treason
1271 2916 1299 2962 in

294 2988 378 3033 which
387 2988 432 3033 the
442 2988 530 3045 people
545 2988 648 3033 became
661 2986 781 3032 involved
796 2987 830 3043 by
841 2987 884 3031 the
895 2985 1019 3043 acquittal
1030 2985 1057 3030 oi
1072 2985 1203 3038 Horatius,
1215 2984 1298 3030 called

295 3057 336 3102 ior
350 3056 435 3114 publio
450 3055 587 3113 expiatIOn,
599 3057 677 3101 hence
684 3054 795 3111 peronio
801 3053 914 3110 politico.
946 3054 982 3098 13.
1003 3050 1182 3099 sororium:
1200 3051 1241 3097 the
1252 3052 1300 3097 oia·

295 3124 355 3171 ter’c
371 3124 452 3179 boam,
468 3123 614 3169 mentioned
630 3136 659 3169 as
674 3123 727 3169 late
742 3135 771 3167 as
787 3122 830 3167 tho
845 3122 889 3167 4th
904 3126 1019 3179 century,
1036 3120 1164 3166 stretohed
1180 3131 1267 3165 across
1282 3132 1299 3166 a

294 3196 374 3238 street
384 3192 487 3250 leading
497 3192 552 3237 into
563 3192 606 3237 the
617 3192 695 3237 Vicus
705 3190 823 3249 Cyprius.
855 3191 891 3235 14.
912 3187 979 3235 saxo
989 3199 1028 3246 (μ
1046 3188 1119 3234 beton
1129 3193 1208 3234 elom.

334 3258 376 3307 at.
398 3260 460 3305 Wur
478 3260 541 3305 with
560 3260 685 3316 Fidenae;
707 3260 843 3315 treachery
860 3258 888 3302 of
905 3257 1021 3303 Mettius.
1052 3257 1074 3301 1.
1095 3254 1161 3302 hee:
1180 3256 1224 3302 but
1242 3289 1247 3300 .
1266 3289 1272 3299 .
1291 3289 1296 3301 .

294 3330 503 3374 aot—vonum:
530 3328 686 3373 incenatum.
725 3328 746 3371 2.
766 3324 930 3371 animorum:
956 3320 1231 3381 impulse-virium:
1255 3337 1299 3369 erc-

295 3392 553 3452 curuum-palam
570 3404 594 3440 a.
612 3405 635 3440 e.
655 3395 689 3441 o:
700 3393 829 3450 sormolly
844 3392 969 3439 deelored.
1000 3393 1022 3437 3.
1043 3390 1296 3449 puoto:inst.au1.;

294 3467 440 3521 ayreement
452 3462 508 3507 that
524 3460 564 3506 the
581 3460 679 3507 Albane
694 3461 778 3507 would
792 3474 824 3518 ρο
839 3472 905 3506 ouer.
935 3462 958 3505 4.
980 3456 1150 3506 confluentia:
1168 3459 1209 3504 the
1219 3459 1299 3515 suno-

295 3532 350 3578 tion
360 3531 388 3577 oi
403 3530 447 3577 the
459 3529 524 3574 Anio
535 3528 586 3575 aud
597 3529 641 3575 the
655 3528 740 3575 Tiber.
771 3530 793 3574 o.
814 3529 855 3574 et:
872 3526 936 3573 also.
