2834 4117
678 285 755 336 ΤΙΤΙ
776 286 856 337 LIVI

314 463 483 541 disciplina
503 472 522 523 a
542 473 592 522 me
613 462 756 523 adhibite
777 470 877 539 esset,
900 483 992 539 nunc,
1007 453 1156 542 quoniam
1176 471 1274 525 tuum

314 560 488 620 insanabile
499 559 659 635 ingenium
671 566 728 634 est,
742 566 774 619 at
785 566 821 619 tir
831 566 887 620 tud
901 562 1058 639 supplicio
1072 563 1148 622 doce
1161 562 1278 623 hilma

314 678 389 716 num
399 676 495 734 genus
506 675 543 715 ea
552 662 660 717 sancta
669 657 802 731 credere,
813 665 963 734 quaeate
972 659 1089 719 violata
1101 664 1183 720 sunt.
1224 663 1277 721 Ut

314 754 512 832 igiturpeuld
520 759 591 813 ante
600 754 739 813 animum
748 753 1021 815 interFidendtem
1031 754 1276 834 R'cmanamque

315 870 381 910 rem
398 850 566 927 ancipitem
585 850 720 926 gessisti,
735 851 782 911 ita
801 852 865 911 iam
885 870 998 929 corpus
1018 853 1136 931 passim
1158 852 1277 913 distra-

265 965 293 1009 10
315 948 453 1007 hendum
468 947 585 1007 dabis.'’
627 947 752 1007 Exinde
766 948 886 1008 duabus
901 949 1037 1009 admotis
1052 950 1226 1027 quadrigis,
1240 950 1276 1009 in

316 1055 423 1105 curnis
438 1053 544 1103 earum
559 1044 732 1104 distentum
746 1044 861 1120 inligat
875 1046 1033 1121 Mettium,
1049 1046 1162 1105 deinde
1177 1046 1213 1105 in
1229 1048 1277 1106 di-

315 1160 440 1201 versum
461 1142 522 1201 iter
542 1151 616 1218 equi
636 1141 785 1201 concitati
809 1141 946 1202 lacerum
967 1143 1002 1201 in
1022 1148 1155 1220 utroque
1176 1154 1277 1203 curru

315 1257 436 1315 corpus,
457 1247 519 1315 qua
542 1236 743 1298 inhaeserant
766 1238 901 1300 vinculis
926 1239 1073 1315 membra,
1095 1245 1273 1317 portantes.

266 1348 293 1394 11
315 1322 468 1394 Avertere
489 1344 595 1394 omnes
615 1335 654 1395 ab
676 1341 767 1395 tanta
783 1336 937 1396 foeditate
956 1336 1129 1413 spectaculi
1150 1338 1271 1398 oculos.

315 1434 457 1491 Primum
471 1431 679 1509 ultimumque
694 1430 776 1491 illud
794 1432 983 1510 supplicium
1004 1434 1088 1510 apud
1108 1434 1274 1495 Romanos

316 1528 568 1605 exempliparum
576 1528 721 1588 memoris
729 1528 1127 1603 legumhrimdnarumfuit.
1149 1530 1276 1592 lnaliis

316 1626 444 1702 gloriari
457 1625 532 1699 licet
545 1625 626 1683 milli
641 1626 782 1701 gentium
795 1625 937 1685 mitiores
951 1626 1107 1703 placuisse
1120 1636 1251 1703 poenas.

355 1722 402 1782 29.
431 1722 521 1781 Inter
540 1722 616 1781 haec
635 1722 698 1781 iam
715 1725 880 1799 praemissi
894 1722 1009 1781 Albam
1028 1728 1117 1782 erant
1136 1723 1274 1800 equites,

316 1828 371 1897 qui
407 1818 644 1878 multitudinem
681 1819 884 1878 traducerent
920 1820 1062 1879 Romam.
1114 1820 1275 1894 Legiones

279 1916 428 1976 ndeindc
453 1916 564 1975 ductae
592 1916 632 1974 ad
660 1915 844 1974 diruendam
867 1916 983 1975 urbem.
1034 1917 1120 1987 Quae
1143 1916 1199 1976 ubi
1227 1918 1276 1977 in-

315 2018 438 2073 travere
465 2018 581 2089 portas,
609 2021 673 2071 ndu
701 2012 828 2088 quidem
856 2011 920 2071 fuit
946 2012 1102 2073 tumultus
1130 2012 1185 2072 ille
1213 2033 1275 2075 nec

315 2128 421 2187 pavor,
433 2108 535 2185 qualis
551 2114 712 2185 captarum
726 2127 794 2168 esse
805 2108 930 2167 urbium
945 2109 1033 2183 solet,
1045 2127 1115 2167 cum
1130 2109 1275 2171 effractis

315 2211 415 2282 portis
434 2209 582 2265 stratisve
601 2204 699 2264 ariete
718 2214 817 2264 muris
835 2211 890 2264 aut
907 2223 976 2263 arce
992 2215 1026 2264 vi
1044 2211 1136 2283 capta
1152 2205 1275 2267 clamor

315 2301 440 2362 hostilis
462 2306 494 2360 et
515 2320 624 2361 cursus
645 2320 701 2378 per
721 2301 831 2360 urbem
850 2306 1041 2362 armatorum
1060 2302 1166 2361 omnia
1184 2302 1274 2364 ferri)

279 2412 294 2457 3
315 2398 501 2475 flammaque
520 2397 646 2473 miscet3
670 2398 725 2458 sed
745 2397 906 2457 silentium
920 2404 1012 2457 triste
1028 2416 1063 2457 ac
1077 2399 1176 2457 tacita
1189 2419 1275 2459 mae-

316 2495 405 2575 stitia
417 2494 463 2554 ita
478 2494 592 2553 defixit
606 2494 746 2553 omnium
761 2494 890 2569 animos
905 2500 942 2553 ut
956 2513 1030 2572 prae
1045 2500 1132 2553 metri
1144 2494 1271 2577 [obliti]

315 2592 392 2670 quid
406 2591 627 2668 relinquerent,
643 2591 720 2668 quid
735 2600 840 2651 secum
853 2590 982 2666 ferrent,
994 2591 1158 2651 deficiente
1172 2594 1275 2653 crinsi-

266 2766 314 2812 lo‘ve
325 2766 379 2811 ond
388 2764 473 2811 would
482 2764 538 2821 qlve
554 2764 908 2824 youlnslraclion.—nunc:
926 2763 971 2809 bul
986 2776 1051 2820 noto,
1062 2776 1091 2810 as
1106 2764 1132 2810 in
1148 2765 1234 2810 21.13.
1247 2767 1271 2811 2.

264 2835 343 2880 -ιττ
360 2838 387 2879 at
403 2829 629 2889 least—passim:
646 2832 687 2877 his
702 2831 779 2889 body,
790 2831 844 2877 like
858 2831 899 2876 his
909 2832 988 2888 mind,
1000 2832 1090 2877 should
1101 2833 1132 2878 be
1142 2832 1233 2878 drawn
1243 2834 1272 2879 in

265 2901 386 2948 different
396 2900 543 2956 directions.
574 2900 610 2945 10.
631 2897 786 2957 quadrigis:
802 2899 853 2945 abl.
866 2900 920 2945 abs.
932 2900 1033 2946 instead
1044 2901 1072 2946 of
1081 2898 1210 2958 gen—in
1264 2936 1270 2947 .

264 2967 331 3015 iter:
349 2970 376 3015 ἰη
387 2969 497 3025 opposite
513 2968 667 3024 directione·
685 2968 786 3013 citener
796 2967 906 3012 without
921 2968 979 3013 iter.
1008 2970 1044 3013 11.
1065 2965 1210 3014 foeditdtc:
1227 2969 1272 3015 the

265 3036 375 3083 tontole
385 3036 462 3093 siqui.
470 3033 634 3093 -sxempliz
651 3035 798 3094 epexegetic
809 3048 876 3093 gen,
885 3035 1000 3092 example
1016 3037 1047 3092 of
1055 3035 1272 3091 punishment.—

264 3103 355 3163 legum
365 3102 391 3150 h.
400 3118 406 3150 ε
423 3104 571 3161 bumaully.
602 3103 711 3162 History
722 3104 782 3149 does
793 3107 838 3148 not
848 3105 911 3149 bear
921 3108 967 3149 ont
978 3103 1031 3149 L.’s
1041 3103 1183 3161 judgment.

294 3170 337 3219 29.
358 3173 411 3219 The
422 3172 581 3218 destruction
592 3172 619 3217 oi
629 3172 704 3218 Alba.
735 3171 788 3217 The
799 3171 916 3217 brilliant
926 3171 1081 3229 description
1091 3172 1119 3217 oi
1131 3171 1183 3217 this
1193 3171 1272 3230 chap-

265 3244 313 3297 ter,
331 3241 414 3287 which
432 3240 541 3287 consists
559 3239 657 3298 mainly
674 3240 702 3285 cf
721 3243 773 3285 two
789 3240 899 3298 periods,
918 3240 940 3286 is
958 3240 1065 3285 marked
1083 3241 1178 3297 hythe
1196 3240 1270 3286 virid

264 3321 387 3366 sequence
405 3309 432 3353 of
452 3309 545 3354 details
561 3308 612 3353 and
632 3309 667 3365 by
684 3308 729 3353 the
746 3307 876 3354 clearness
895 3308 923 3353 cf
942 3308 986 3353 the
1004 3320 1078 3353 scene
1096 3320 1125 3353 as
1143 3320 1159 3353 a
1175 3308 1269 3354 whole.

264 3378 286 3422 2.
305 3374 359 3422 ndn
378 3386 404 3433 q.
426 3374 460 3421 t:
488 3381 533 3421 aot
553 3376 645 3421 indeed
666 3376 722 3421 that
744 3372 1199 3431 eottJ'ueion.-cldmorh.=llceles
1219 3375 1271 3420 clei-

265 3446 373 3490 monles.
409 3444 431 3487 3.
453 3440 629 3489 silentium..
643 3440 814 3488 ⁸maestitia:
840 3443 942 3500 ploomy
962 3441 1056 3488 silence
1077 3444 1131 3488 cad
1149 3441 1271 3489 voiceless

264 3508 518 3557 torrem—defixit:
535 3510 746 3566 dated—prae:
758 3507 968 3569 fcr.—quidr.:
984 3509 1039 3568 join
1050 3510 1114 3556 with
1129 3510 1269 3567 deficiente.
