2834 4117
238 290 279 354 82
652 296 728 344 ΤΙΤΙ
750 294 829 344 LIVI

250 488 265 532 o
287 473 413 549 acaria,
429 482 595 551 regemque
616 482 718 551 prima
739 471 920 551 appellavit.
964 461 1070 549 rique
1083 473 1241 534 facessere

286 570 372 631 iussa
386 589 426 629 ex
444 575 533 630 tanto
550 569 689 629 tumultu
706 588 777 628 cum
798 578 831 627 sa
852 570 978 628 domum
998 570 1157 647 reciperet,
1173 589 1241 647 per-

286 667 485 745 venissetque
500 667 540 728 ad
556 686 711 726 summum
726 666 877 743 Cyprium
891 674 1004 740 vicum,
1018 666 1074 725 ubi
1087 666 1241 726 Dianium

194 831 206 853 v
286 774 386 841 miper
414 764 487 838 fuit,
515 763 655 823 flectenti
682 769 864 839 carpentum
899 764 1010 822 dextra
1040 763 1075 822 in
1102 763 1240 825 Urbium

287 860 411 935 clivum,
431 866 467 920 ut
488 861 519 919 in
543 860 653 919 collem
674 859 890 937 Esquiliarum
911 859 1103 935 eveheretur,
1118 861 1241 921 restitit

286 958 420 1035 pavidus
435 963 529 1035 atque
547 957 686 1016 inhibuit
706 958 813 1017 frenos
836 957 862 1016 is
884 966 941 1033 qui
955 957 1095 1017 iumenta
1115 958 1239 1033 agebat,

287 1054 502 1131 iacentemque
527 1054 670 1113 dominae
699 1053 842 1113 Servium
869 1054 1061 1112 trucidatum
1089 1054 1238 1113 ostendit.

250 1151 425 1211 tFoedum
454 1152 721 1228 inhumanumque
745 1150 819 1209 inde
843 1150 980 1209 traditur
1005 1150 1105 1210 scelus
1133 1168 1240 1209 monu-

286 1253 453 1325 mentaque
475 1247 561 1308 locus
587 1251 654 1321 est3
684 1247 869 1307 sceleratum
892 1255 997 1306 vicum
1025 1252 1146 1321 vocant,
1175 1257 1239 1324 qud

286 1354 393 1405 amens
421 1344 614 1420 agitantibus
642 1344 736 1403 furiis
765 1343 878 1403 sororis
903 1361 939 1402 ao
963 1344 1025 1401 viri
1052 1344 1157 1403 Tullia
1181 1362 1240 1421 per

286 1441 385 1518 patris
400 1460 510 1519 corpus
525 1447 708 1518 carpentum
729 1440 830 1515 egisse
849 1440 958 1513 fertur,
973 1445 1156 1518 partemque
1170 1459 1241 1499 san-

286 1538 391 1613 guinis
402 1556 437 1597 ac
449 1538 553 1597 caedis
564 1543 713 1615 paternae
727 1542 855 1597 cruento
866 1537 1011 1597 vehiculo
1026 1537 1242 1597 contaminata

286 1635 356 1711 ipsa
376 1652 578 1712 respersaque
599 1634 711 1693 tulisse
732 1634 773 1693 ad
793 1639 923 1710 penates
945 1643 1017 1693 suos
1035 1634 1159 1711 virique
1178 1643 1239 1708 sui,

286 1731 399 1808 quibus
414 1736 503 1791 iratis
520 1730 602 1790 malo
623 1739 713 1807 regni
732 1730 888 1808 principio
909 1730 1029 1789 similes
1043 1749 1139 1807 prope
1153 1729 1239 1789 diem

286 1828 390 1887 exitus
412 1833 623 1905 sequerentur.

249 1945 264 1990 a
327 1925 454 1984 Servius
478 1924 602 1983 Tullius
630 1923 774 1999 regnavit
801 1932 898 1983 annos
926 1928 1075 2000 quattuor
1103 1929 1135 1983 et
1165 1942 1241 2000 qua-

285 2021 430 2096 draginta
444 2021 539 2080 itaut
553 2021 633 2080 bona
645 2020 741 2079 etiam
750 2020 972 2097 moderatoque
981 2020 1161 2079 succedenti
1171 2030 1241 2096 regi

285 2117 422 2177 difficilis
437 2117 605 2177 aemulatio
627 2122 717 2176 esset.
760 2118 905 2177 Ceterum
926 2117 959 2175 id
975 2134 1098 2194 quoque
1117 2118 1158 2175 ad
1175 2117 1241 2191 glo

285 2215 364 2274 riam
386 2214 526 2288 accessit,
542 2214 625 2291 quod
646 2232 717 2272 cum
738 2213 794 2273 illo
817 2213 910 2272 simul
932 2213 1016 2273 iasta
1037 2231 1073 2273 ac
1094 2213 1240 2288 legitima

249 2332 264 2377 9
284 2320 381 2386 regna
394 2310 581 2369 occiderunt.
624 2309 664 2368 Id
678 2310 782 2386 ipsum
799 2315 864 2368 tam
878 2316 955 2368 mite
970 2327 1006 2368 ac
1019 2315 1085 2369 tam
1099 2310 1240 2369 modera

284 2413 352 2466 tum
363 2406 529 2484 imperium
541 2411 655 2480 tamen,
664 2405 740 2482 quia
750 2415 843 2464 anius
854 2411 946 2480 esset,
955 2406 1110 2483 deponere
1121 2424 1192 2465 eum
1203 2405 1239 2464 in

284 2504 388 2563 animo
399 2502 546 2563 habuisse
557 2502 686 2579 quidam
702 2507 843 2561 auctores
858 2509 940 2576 sunt,
952 2511 987 2560 ni
1000 2502 1102 2562 scelus
1117 2502 1242 2561 intesti-

284 2620 359 2659 num
374 2599 553 2659 liberandae
568 2599 689 2675 patriae
706 2597 838 2658 consilia
854 2598 990 2673 agitanti
1006 2599 1237 2659 intervenisset

323 2698 372 2758 49.
401 2697 481 2756 Inde
492 2697 527 2755 L.
541 2695 732 2772 Tarquinius
747 2704 876 2771 regnare
890 2695 1019 2773 occepit,
1032 2705 1083 2755 cui
1098 2695 1240 2772 Superbo

232 2925 287 2960 was
297 2915 342 2957 not
353 2910 501 2957 considered
512 2910 634 2957 decorous
645 2910 685 2955 ior
693 2923 792 2956 women
803 2913 830 2954 to
840 2922 936 2967 appear
945 2909 972 2954 in
983 2909 1069 2967 public
1080 2908 1237 2956 assemblies.

232 2982 254 3027 6.
274 2977 411 3026 manium:
428 2992 444 3024 α
455 2979 541 3025 straete
552 2980 582 3035 os
592 2975 862 3024 Diana—flectenti:
880 2991 914 3024 sc.
930 2977 1038 3033 Tulliae,
1049 2977 1194 3036 depending
1204 2991 1238 3023 on

232 3049 336 3095 restitit,
367 3046 420 3092 The
431 3059 569 3104 passenger
580 3050 654 3092 turns
664 3047 708 3091 the
719 3046 834 3102 carriage
846 3046 880 3103 by
890 3046 979 3103 giving
993 3045 1094 3102 orders3
1110 3045 1144 3091 ci.
1156 3046 1239 3103 egisse

233 3116 322 3162 beloW.
353 3117 376 3162 7.
396 3112 471 3160 inde:
489 3112 783 3171 thereupon—amans:
794 3110 1126 3172 fresnea-sanguinis.
1145 3146 1150 3156 .
1169 3144 1174 3156 .
1190 3122 1240 3169 pes

232 3184 341 3230 ternae:
364 3183 404 3229 the
423 3182 495 3228 blood
513 3182 603 3239 oster
619 3181 755 3226 murdered
767 3180 874 3237 suthem
895 3177 1237 3239 handuns-principio:

233 3252 286 3297 dat.
298 3251 362 3297 with
372 3250 477 3297 similas.
508 3251 530 3295 9.
551 3248 644 3295 filiius:
662 3248 732 3306 pred.
744 3260 811 3306 poss.
819 3262 892 3307 gen.;
909 3249 949 3295 bis
958 3248 1112 3307 personaHy,
1123 3253 1169 3294 not
1178 3248 1239 3294 that

232 3320 261 3366 oi
271 3333 286 3365 a
297 3318 517 3366 commonwealth.
526 3314 701 3363 -habuisse:
719 3316 832 3374 depends
847 3330 880 3363 on
896 3318 1012 3364 auctoris
1026 3321 1089 3365 sunt
1103 3328 1133 3363 as
1148 3317 1238 3363 averb

233 3389 260 3434 oi
270 3383 586 3445 sung-intestinum:
597 3384 706 3441 fanrily.

270 3453 366 3501 es-ta.
387 3454 523 3511 Tarquin's
535 3454 615 3511 reign.
646 3453 699 3498 The
709 3452 787 3498 Latin
797 3452 907 3510 League.

270 3521 315 3569 49.
337 3524 358 3569 1.
380 3520 512 3580 Superba:
532 3521 645 3579 Tyron&
661 3521 701 3567 his
712 3525 767 3567 acts
777 3520 804 3566 oi
819 3524 932 3578 tyranny
942 3532 986 3567 are
996 3519 1072 3579 given
1082 3518 1109 3566 in
1118 3519 1163 3566 the
1173 3519 1237 3578 quio
