2834 4117
280 270 322 335 14
695 281 771 329 r1r1
793 280 873 329 nrvr

330 455 370 515 ad
384 456 564 533 speluncam
581 458 680 519 Cacus
701 466 735 516 vi
755 456 919 533 prohibere
940 462 1070 516 cenatus
1091 463 1182 531 esset,
1198 458 1287 517 ictus

329 553 418 611 clava
437 553 530 611 fidem
552 558 713 631 pasterum
734 563 923 631 nequiquam
944 554 1093 612 invocans
1114 559 1214 612 morte
1236 574 1288 613 oc-

293 650 444 708 toubuit.
488 651 634 709 Euander
662 655 730 709 tum
758 668 795 709 ea
818 650 970 727 profugus
998 668 1037 708 ex
1064 650 1285 727 Peloponnese

329 747 515 806 auctoritate
532 748 631 822 magis
653 766 748 823 quam
767 747 899 824 imperio
918 747 1045 821 regebat
1064 747 1140 821 loca,
1156 756 1286 806 venera

328 843 402 903 bilis
427 843 476 902 vir
498 844 648 903 miracula
673 844 862 918 litterarum,
887 853 933 901 rei
954 862 1053 902 novae
1080 844 1162 902 inter
1187 844 1284 903 rudes

329 938 443 999 artium
467 940 619 1015 homines,
642 940 849 1000 venerabilior
874 940 1041 999 divinitate
1065 941 1185 999 credita
1209 942 1284 1001 Car-

328 1043 452 1096 mentae
486 1038 605 1111 matris‚
635 1056 726 1113 quam
756 1037 944 1113 fatiloquam
976 1043 1049 1096 ante
1080 1037 1219 1114 Sibyllae
1248 1038 1284 1096 in

292 1123 456 1193 eltaliam
481 1135 650 1193 adventum
678 1140 809 1193 miratae
837 1152 890 1193 eae
926 1139 1033 1208 gentes
1068 1134 1202 1193 fuerant.
1246 1136 1282 1193 Is

327 1236 395 1289 tum
420 1232 574 1305 Euander,
599 1241 752 1290 concursri
771 1236 929 1307 pasterum
951 1231 1177 1307 trepidantium
1198 1231 1284 1291 circa

328 1328 479 1387 advenam
508 1328 694 1387 manifestae
718 1347 805 1386 rcum
830 1328 932 1387 caedis
957 1328 1088 1402 excitus,
1113 1333 1280 1405 postquam

328 1424 452 1483 facinus
488 1424 699 1501 facinorisque
734 1443 859 1483 oausam
889 1424 1020 1498 audivit,
1049 1424 1191 1483 habitum
1219 1425 1283 1484 fer-

239 1505 242 1512 ’
328 1540 472 1598 mamque
498 1522 558 1579 viri
582 1521 779 1599 aliquantum
800 1521 983 1598 amplierem
1008 1522 1282 1598 augustioremque

327 1618 465 1676 hamana
488 1618 623 1691 intuens,
650 1618 766 1693 rogitat
790 1628 845 1695 qui
870 1618 918 1676 vir
943 1624 1032 1677 esset.
1077 1619 1141 1679 Ubi
1166 1628 1281 1677 nemen

279 1728 307 1773 10
327 1720 510 1791 patremque
535 1733 570 1775 ac
592 1715 727 1791 patriam
749 1714 877 1791 accepit,
895 1716 997 1773 “Iove
1018 1720 1099 1789 nate,
1115 1714 1280 1790 Herculea

328 1811 442 1885 salve‚''
471 1811 584 1887 inquit.
628 1813 699 1869 “Te
727 1811 806 1869 mihi
834 1817 942 1885 mater,
965 1811 1101 1869 veridica
1125 1812 1280 1887 interpres

328 1908 429 1983 deum,
450 1914 612 1966 auctarum
630 1907 810 1967 caelestium
831 1927 1003 1966 numerum.
1016 1908 1138 1982 cecinit,
1158 1908 1281 1983 tibique

327 2014 412 2063 aram
440 2004 492 2062 hic
520 2005 656 2063 dicatum
685 2014 734 2078 iri,
760 2024 854 2081 quam
879 2004 1117 2080 opulentissima
1141 2004 1217 2063 elim
1245 2005 1281 2063 in

278 2113 305 2157 11
327 2107 420 2160 terris
436 2110 510 2175 gens
525 2101 694 2160 maximam
703 2107 794 2159 vocet
805 2107 921 2178 tueque
932 2107 996 2159 rita
1006 2101 1117 2159 colat.'’
1159 2102 1281 2161 Dextra

327 2198 479 2257 Hercules
505 2197 579 2256 data
599 2198 738 2274 accipere
760 2207 793 2257 se
814 2207 904 2256 emen
925 2197 1189 2274 impleturumque
1210 2198 1281 2257 fata

278 2310 306 2353 12
327 2304 381 2353 ara
395 2294 520 2353 condita
534 2313 569 2353 ac
584 2294 687 2353 dicata
698 2294 751 2353 ait.
789 2294 839 2353 Ibi
850 2300 918 2353 tum
929 2304 1063 2370 primum
1073 2296 1152 2353 bove
1164 2294 1281 2355 eximia

327 2397 419 2468 capta
436 2392 474 2449 de
496 2409 587 2465 grege
610 2409 731 2450 sacrum
754 2390 887 2449 Herculi
907 2391 1059 2450 adhibitis
1080 2392 1121 2449 ad
1141 2391 1281 2451 ministe-

327 2488 408 2546 rium
423 2488 595 2564 dapemque
609 2487 738 2546 Potitiis
753 2506 788 2545 ac
803 2487 951 2561 Pinaria,
963 2506 1041 2564 quae
1056 2493 1123 2545 tum
1138 2488 1279 2548 familiae

278 2597 306 2641 13
327 2584 462 2643 maxime
477 2584 603 2642 inclitae
618 2602 655 2642 ea
669 2584 738 2642 loca
753 2584 939 2657 incolebant,
954 2584 1082 2642 factum.
1124 2585 1218 2642 Forte
1233 2584 1280 2645 ita

327 2680 440 2754 evenit,
456 2687 491 2739 ut
506 2680 618 2739 Potitii
632 2681 672 2738 ad
684 2686 809 2757 tempus
821 2686 949 2756 praesto
961 2685 1073 2754 essent,
1089 2680 1190 2758 iisque
1205 2687 1280 2741 exta

327 2782 565 2854 appenerentur‚
580 2777 702 2835 Pinarii
717 2783 798 2837 extis
813 2778 915 2836 adesis
930 2778 971 2835 ad
985 2783 1121 2836 ceteram
1134 2782 1282 2837 venirent

315 2958 337 3003 8.
364 2956 541 3004 auctoritate:
565 2958 684 3015 peraoaal
708 2955 1062 3014 famelica—litterarum:
1093 2958 1137 3003 tho
1166 2958 1279 3005 Romans

276 3026 387 3081 brought
398 3025 465 3071 their
480 3026 600 3083 alphabet
616 3026 683 3071 from
699 3026 743 3071 tho
759 3024 843 3071 Greek
858 3025 969 3070 colonias
984 3026 1012 3070 of
1026 3026 1104 3071 lower
1119 3026 1196 3083 Italy.
1205 3050 1234 3057 —
1243 3024 1280 3071 si-

276 3090 379 3151 byllae:
397 3094 440 3140 the
451 3093 564 3139 Cumean
580 3094 664 3151 Sibyl;
686 3094 719 3139 cf.
730 3093 805 3150 Verg.
816 3093 880 3139 Aen.
891 3095 914 3138 6.
926 3095 962 3139 35.
972 3094 991 3139 f.
1022 3095 1044 3139 9.
1065 3090 1277 3150 trepidantium:

276 3161 414 3219 gotberiaq
424 3162 453 3207 ta
463 3159 738 3219 fricta—habitum:
754 3167 814 3207 note
829 3163 872 3207 the
888 3162 1007 3219 frequent
1017 3175 1165 3207 rccurrence
1181 3162 1209 3205 of
1223 3174 1279 3207 suc-

276 3229 372 3275 cessive
382 3230 466 3275 words
477 3230 504 3274 in
514 3230 598 3275 which
611 3231 655 3275 the
670 3243 695 3274 ru
706 3230 788 3275 sound
798 3230 994 3286 predominates.
1002 3227 1153 3287 -rogitatt
1170 3230 1214 3274 the
1229 3230 1279 3275 fre-

276 3299 426 3355 quentative
434 3299 506 3343 often
516 3298 542 3343 in
554 3298 580 3341 L.
591 3298 654 3343 with
664 3299 708 3343 the
719 3298 840 3355 meaning
849 3298 877 3342 of
892 3299 935 3343 the
946 3298 1036 3354 simple
1046 3298 1122 3343 form.
1155 3298 1191 3341 10.
1212 3294 1276 3343 tibi:

276 3364 525 3425 inachi—tuen:
542 3365 839 3421 antepecuaartoyou.
862 3367 898 3410 11.
915 3364 988 3411 fata:
1001 3366 1276 3422 proptera-araca

276 3434 326 3479 abl.
344 3434 412 3489 abs.;
439 3434 471 3490 by
480 3434 625 3489 founding.
660 3434 695 3478 12.
718 3430 828 3490 dapem:
852 3434 895 3479 the
916 3432 1037 3490 religious
1056 3433 1125 3478 feast
1144 3433 1214 3478 after
1234 3434 1278 3479 the

276 3500 398 3547 sacrifice.
431 3503 466 3547 13.
481 3502 558 3548 exta:
575 3501 619 3546 the
629 3500 715 3559 larger
723 3502 839 3556 entrails,
848 3514 877 3547 as
885 3502 959 3547 beart
970 3502 1020 3547 and
1031 3500 1103 3547 liver.
