<?xml version="1.0" encoding="UTF-8"?>
<!DOCTYPE html PUBLIC "-//W3C//DTD XHTML 1.0 Transitional//EN"
    "http://www.w3.org/TR/xhtml1/DTD/xhtml1-transitional.dtd">
<html xmlns="http://www.w3.org/1999/xhtml" xml:lang="en" lang="en">
 <head>
  <title>
</title>
<meta http-equiv="Content-Type" content="text/html;charset=utf-8" />
  <meta name='ocr-system' content='tesseract 3.04.00' />
  <meta name='ocr-capabilities' content='ocr_page ocr_carea ocr_par ocr_line ocrx_word'/>
</head>
<body>
  <div class='ocr_page' id='page_1' title='image "./livybooki01lordgoog_0089.png"; bbox 0 0 2834 4117; ppageno 0'>
   <div class='ocr_carea' id='block_1_1' title="bbox 566 302 1143 366">
    <p class='ocr_par' dir='ltr' id='par_1_1' title="bbox 566 302 1143 366">
     <span class='ocr_line' id='line_1_1' title="bbox 566 302 1143 366; baseline -0.003 -7"><span class='ocrx_word' id='word_1_1' title='bbox 566 310 677 359; x_wconf 80' lang='lat' dir='ltr'>LIBER</span> <span class='ocrx_word' id='word_1_2' title='bbox 701 310 715 357; x_wconf 95' lang='lat' dir='ltr'>I</span> <span class='ocrx_word' id='word_1_3' title='bbox 1103 302 1143 366; x_wconf 90' lang='lat'><strong>81</strong></span> 
     </span>
    </p>
   </div>
   <div class='ocr_carea' id='block_1_2' title="bbox 128 483 1194 2783">
    <p class='ocr_par' dir='ltr' id='par_1_2' title="bbox 128 483 1194 1043">
     <span class='ocr_line' id='line_1_2' title="bbox 128 483 1095 563; baseline -0.001 -19"><span class='ocrx_word' id='word_1_4' title='bbox 128 495 198 563; x_wconf 89' lang='lat' dir='ltr'><strong>que</strong></span> <span class='ocrx_word' id='word_1_5' title='bbox 213 486 283 562; x_wconf 90' lang='lat' dir='ltr'><strong>ipse</strong></span> <span class='ocrx_word' id='word_1_6' title='bbox 298 484 349 559; x_wconf 88' lang='lat' dir='ltr'><strong>sit,</strong></span> <span class='ocrx_word' id='word_1_7' title='bbox 365 484 436 544; x_wconf 87' lang='lat' dir='ltr'><strong>odie</strong></span> <span class='ocrx_word' id='word_1_8' title='bbox 456 484 576 545; x_wconf 86' lang='lat' dir='ltr'><strong>alienae</strong></span> <span class='ocrx_word' id='word_1_9' title='bbox 597 483 773 544; x_wconf 71' lang='lat' dir='ltr'>honestatis</span> <span class='ocrx_word' id='word_1_10' title='bbox 794 489 936 562; x_wconf 84' lang='lat' dir='ltr'><strong>ereptum</strong></span> <span class='ocrx_word' id='word_1_11' title='bbox 955 484 1095 561; x_wconf 88' lang='lat' dir='ltr'><strong>primeri-</strong></span> 
     </span>
     <span class='ocr_line' id='line_1_3' title="bbox 128 580 1145 657; baseline -0.003 -16"><span class='ocrx_word' id='word_1_12' title='bbox 128 583 195 641; x_wconf 88' lang='lat' dir='ltr'><strong>bus</strong></span> <span class='ocrx_word' id='word_1_13' title='bbox 210 600 321 657; x_wconf 87' lang='lat' dir='ltr'><strong>agrum</strong></span> <span class='ocrx_word' id='word_1_14' title='bbox 333 580 549 641; x_wconf 87' lang='lat' dir='ltr'><strong>sordidissime</strong></span> <span class='ocrx_word' id='word_1_15' title='bbox 564 590 677 657; x_wconf 88' lang='lat' dir='ltr'><strong>ouique</strong></span> <span class='ocrx_word' id='word_1_16' title='bbox 692 580 855 657; x_wconf 80' lang='lat' dir='ltr'><strong>divisisse3</strong></span> <span class='ocrx_word' id='word_1_17' title='bbox 871 581 977 640; x_wconf 90' lang='lat' dir='ltr'><strong>omnia</strong></span> <span class='ocrx_word' id='word_1_18' title='bbox 991 599 1093 656; x_wconf 86' lang='lat' dir='ltr'><strong>onera,</strong></span> <span class='ocrx_word' id='word_1_19' title='bbox 1116 594 1145 638; x_wconf 80' lang='lat'><strong>12</strong></span> 
     </span>
     <span class='ocr_line' id='line_1_4' title="bbox 130 677 1095 755; baseline -0.001 -18"><span class='ocrx_word' id='word_1_20' title='bbox 130 696 219 755; x_wconf 89' lang='lat' dir='ltr'><strong>quae</strong></span> <span class='ocrx_word' id='word_1_21' title='bbox 240 677 418 737; x_wconf 83' lang='lat' dir='ltr'><strong>communia</strong></span> <span class='ocrx_word' id='word_1_22' title='bbox 442 677 598 754; x_wconf 89' lang='lat' dir='ltr'><strong>quondam</strong></span> <span class='ocrx_word' id='word_1_23' title='bbox 623 677 752 750; x_wconf 84' lang='lat' dir='ltr'><strong>fuerint,</strong></span> <span class='ocrx_word' id='word_1_24' title='bbox 777 677 946 738; x_wconf 70' lang='lat' dir='ltr'>inclinasse</span> <span class='ocrx_word' id='word_1_25' title='bbox 975 678 1009 736; x_wconf 91' lang='lat' dir='ltr'><strong>in</strong></span> <span class='ocrx_word' id='word_1_26' title='bbox 1033 686 1095 755; x_wconf 88' lang='lat' dir='ltr'><strong>pri-</strong></span> 
     </span>
     <span class='ocr_line' id='line_1_5' title="bbox 130 774 1096 849; baseline 0 -16"><span class='ocrx_word' id='word_1_27' title='bbox 130 784 240 834; x_wconf 88' lang='lat' dir='ltr'><strong>meres</strong></span> <span class='ocrx_word' id='word_1_28' title='bbox 255 774 414 849; x_wconf 78' lang='lat' dir='ltr'><strong>eivitatis3</strong></span> <span class='ocrx_word' id='word_1_29' title='bbox 430 774 608 834; x_wconf 81' lang='lat' dir='ltr'><strong>instituisse</strong></span> <span class='ocrx_word' id='word_1_30' title='bbox 622 780 803 849; x_wconf 84' lang='lat' dir='ltr'><strong>oensum,ut</strong></span> <span class='ocrx_word' id='word_1_31' title='bbox 813 775 947 849; x_wconf 87' lang='lat' dir='ltr'><strong>insignis</strong></span> <span class='ocrx_word' id='word_1_32' title='bbox 962 776 1003 833; x_wconf 91' lang='lat' dir='ltr'><strong>ad</strong></span> <span class='ocrx_word' id='word_1_33' title='bbox 1017 774 1096 833; x_wconf 84' lang='lat' dir='ltr'><strong>invi-</strong></span> 
     </span>
     <span class='ocr_line' id='line_1_6' title="bbox 132 869 1194 949; baseline 0 -20"><span class='ocrx_word' id='word_1_34' title='bbox 132 872 224 931; x_wconf 84' lang='lat' dir='ltr'>diam</span> <span class='ocrx_word' id='word_1_35' title='bbox 245 869 487 947; x_wconf 85' lang='lat' dir='ltr'><strong>looupletierum</strong></span> <span class='ocrx_word' id='word_1_36' title='bbox 505 871 635 930; x_wconf 79' lang='lat' dir='ltr'><strong>fortuna</strong></span> <span class='ocrx_word' id='word_1_37' title='bbox 654 876 746 945; x_wconf 82' lang='lat' dir='ltr'><strong>esset,</strong></span> <span class='ocrx_word' id='word_1_38' title='bbox 761 876 793 930; x_wconf 88' lang='lat' dir='ltr'><strong>et</strong></span> <span class='ocrx_word' id='word_1_39' title='bbox 806 877 917 949; x_wconf 73' lang='lat' dir='ltr'><strong>parata</strong></span> <span class='ocrx_word' id='word_1_40' title='bbox 930 872 1023 947; x_wconf 84' lang='lat' dir='ltr'><strong>unde,</strong></span> <span class='ocrx_word' id='word_1_41' title='bbox 1039 871 1094 931; x_wconf 90' lang='lat' dir='ltr'><strong>ubi</strong></span> <span class='ocrx_word' id='word_1_42' title='bbox 1191 874 1194 880; x_wconf 84' lang='lat'><em>&#39;</em></span> 
     </span>
     <span class='ocr_line' id='line_1_7' title="bbox 133 967 660 1043; baseline -0.004 -16"><span class='ocrx_word' id='word_1_43' title='bbox 133 968 244 1041; x_wconf 86' lang='lat' dir='ltr'><strong>vellet,</strong></span> <span class='ocrx_word' id='word_1_44' title='bbox 261 967 470 1043; x_wconf 81' lang='lat' dir='ltr'><strong>egentissimis</strong></span> <span class='ocrx_word' id='word_1_45' title='bbox 485 967 660 1043; x_wconf 79' lang='lat' dir='ltr'><strong>largiretur.</strong></span> 
     </span>
    </p>

    <p class='ocr_par' dir='ltr' id='par_1_3' title="bbox 134 1063 1145 2783">
     <span class='ocr_line' id='line_1_8' title="bbox 176 1063 1094 1142; baseline 0.001 -18"><span class='ocrx_word' id='word_1_46' title='bbox 176 1065 226 1124; x_wconf 85' lang='lat'><strong>48.</strong></span> <span class='ocrx_word' id='word_1_47' title='bbox 257 1064 342 1134; x_wconf 86' lang='lat' dir='ltr'><strong>Huio</strong></span> <span class='ocrx_word' id='word_1_48' title='bbox 356 1063 493 1124; x_wconf 85' lang='lat' dir='ltr'><strong>eretieni</strong></span> <span class='ocrx_word' id='word_1_49' title='bbox 506 1064 634 1124; x_wconf 87' lang='lat' dir='ltr'><strong>Servius</strong></span> <span class='ocrx_word' id='word_1_50' title='bbox 649 1082 720 1123; x_wconf 89' lang='lat' dir='ltr'><strong>oum</strong></span> <span class='ocrx_word' id='word_1_51' title='bbox 734 1064 957 1125; x_wconf 87' lang='lat' dir='ltr'><strong>intervenisset</strong></span> <span class='ocrx_word' id='word_1_52' title='bbox 971 1064 1094 1142; x_wconf 86' lang='lat' dir='ltr'><strong>trepide</strong></span> 
     </span>
     <span class='ocr_line' id='line_1_9' title="bbox 134 1160 1095 1244; baseline 0.002 -25"><span class='ocrx_word' id='word_1_53' title='bbox 134 1160 252 1220; x_wconf 80' lang='lat' dir='ltr'><strong>nuntie</strong></span> <span class='ocrx_word' id='word_1_54' title='bbox 273 1160 438 1235; x_wconf 77' lang='lat' dir='ltr'><strong>excitatus,</strong></span> <span class='ocrx_word' id='word_1_55' title='bbox 461 1160 622 1237; x_wconf 82' lang='lat' dir='ltr'><strong>extemple‘</strong></span> <span class='ocrx_word' id='word_1_56' title='bbox 640 1170 659 1219; x_wconf 85' lang='lat' dir='ltr'><strong>e</strong></span> <span class='ocrx_word' id='word_1_57' title='bbox 677 1161 834 1222; x_wconf 86' lang='lat' dir='ltr'><strong>vestibule</strong></span> <span class='ocrx_word' id='word_1_58' title='bbox 855 1162 959 1244; x_wconf 74' lang='lat' dir='ltr'><strong>euriae</strong></span> <span class='ocrx_word' id='word_1_59' title='bbox 982 1170 1095 1237; x_wconf 79' lang='lat' dir='ltr'><strong>magne</strong></span> 
     </span>
     <span class='ocr_line' id='line_1_10' title="bbox 135 1256 1094 1334; baseline 0 -18"><span class='ocrx_word' id='word_1_60' title='bbox 135 1266 213 1317; x_wconf 84' lang='lat' dir='ltr'><strong>veoe</strong></span> <span class='ocrx_word' id='word_1_61' title='bbox 230 1257 340 1328; x_wconf 80' lang='lat' dir='ltr'><strong>“Quid</strong></span> <span class='ocrx_word' id='word_1_62' title='bbox 359 1257 447 1331; x_wconf 83' lang='lat' dir='ltr'><strong>heo,”</strong></span> <span class='ocrx_word' id='word_1_63' title='bbox 462 1256 575 1334; x_wconf 84' lang='lat' dir='ltr'><strong>inquit,</strong></span> <span class='ocrx_word' id='word_1_64' title='bbox 593 1262 610 1293; x_wconf 84' lang='lat'><strong>“</strong></span> <span class='ocrx_word' id='word_1_65' title='bbox 618 1257 779 1334; x_wconf 80' lang='lat' dir='ltr'><strong>Tarquini,</strong></span> <span class='ocrx_word' id='word_1_66' title='bbox 795 1267 841 1317; x_wconf 89' lang='lat' dir='ltr'><strong>rei</strong></span> <span class='ocrx_word' id='word_1_67' title='bbox 861 1261 936 1317; x_wconf 85' lang='lat' dir='ltr'><strong>est?</strong></span> <span class='ocrx_word' id='word_1_68' title='bbox 978 1258 1045 1328; x_wconf 82' lang='lat' dir='ltr'><strong>Que</strong></span> <span class='ocrx_word' id='word_1_69' title='bbox 1058 1265 1094 1318; x_wconf 78' lang='lat' dir='ltr'><strong>tii</strong></span> 
     </span>
     <span class='ocr_line' id='line_1_11' title="bbox 137 1353 1094 1430; baseline 0.001 -17"><span class='ocrx_word' id='word_1_70' title='bbox 137 1353 270 1413; x_wconf 80' lang='lat' dir='ltr'><strong>audacia</strong></span> <span class='ocrx_word' id='word_1_71' title='bbox 293 1362 343 1411; x_wconf 91' lang='lat' dir='ltr'><strong>me</strong></span> <span class='ocrx_word' id='word_1_72' title='bbox 363 1362 437 1413; x_wconf 87' lang='lat' dir='ltr'><strong>vive</strong></span> <span class='ocrx_word' id='word_1_73' title='bbox 457 1362 568 1413; x_wconf 84' lang='lat' dir='ltr'><strong>voeare</strong></span> <span class='ocrx_word' id='word_1_74' title='bbox 591 1372 685 1413; x_wconf 90' lang='lat' dir='ltr'><strong>ausus</strong></span> <span class='ocrx_word' id='word_1_75' title='bbox 708 1372 741 1413; x_wconf 88' lang='lat' dir='ltr'><strong>es</strong></span> <span class='ocrx_word' id='word_1_76' title='bbox 764 1359 869 1430; x_wconf 89' lang='lat' dir='ltr'><strong>patres</strong></span> <span class='ocrx_word' id='word_1_77' title='bbox 890 1361 945 1413; x_wconf 86' lang='lat' dir='ltr'><strong>aut</strong></span> <span class='ocrx_word' id='word_1_78' title='bbox 966 1354 1001 1413; x_wconf 94' lang='lat' dir='ltr'><strong>in</strong></span> <span class='ocrx_word' id='word_1_79' title='bbox 1022 1355 1094 1414; x_wconf 86' lang='lat' dir='ltr'><strong>sede</strong></span> 
     </span>
     <span class='ocr_line' id='line_1_12' title="bbox 137 1450 1144 1529; baseline 0.004 -20"><span class='ocrx_word' id='word_1_80' title='bbox 137 1450 300 1510; x_wconf 76' lang='lat' dir='ltr'><strong>considere</strong></span> <span class='ocrx_word' id='word_1_81' title='bbox 315 1450 437 1509; x_wconf 82' lang='lat' dir='ltr'><strong>mee?&#39;&#39;</strong></span> <span class='ocrx_word' id='word_1_82' title='bbox 479 1450 558 1510; x_wconf 83' lang='lat' dir='ltr'><strong>Cum</strong></span> <span class='ocrx_word' id='word_1_83' title='bbox 579 1450 633 1509; x_wconf 89' lang='lat' dir='ltr'><strong>ille</strong></span> <span class='ocrx_word' id='word_1_84' title='bbox 655 1450 802 1509; x_wconf 79' lang='lat' dir='ltr'><strong>ferociter</strong></span> <span class='ocrx_word' id='word_1_85' title='bbox 821 1451 861 1509; x_wconf 90' lang='lat' dir='ltr'><strong>ad</strong></span> <span class='ocrx_word' id='word_1_86' title='bbox 880 1450 973 1510; x_wconf 89' lang='lat' dir='ltr'><strong>haeo:</strong></span> <span class='ocrx_word' id='word_1_87' title='bbox 998 1461 1030 1510; x_wconf 90' lang='lat' dir='ltr'><strong>se</strong></span> <span class='ocrx_word' id='word_1_88' title='bbox 1044 1470 1095 1529; x_wconf 89' lang='lat' dir='ltr'><strong>pa·</strong></span> <span class='ocrx_word' id='word_1_89' title='bbox 1129 1468 1144 1513; x_wconf 82' lang='lat'>2</span> 
     </span>
     <span class='ocr_line' id='line_1_13' title="bbox 137 1547 1092 1624; baseline -0.001 -18"><span class='ocrx_word' id='word_1_90' title='bbox 137 1548 197 1606; x_wconf 90' lang='lat' dir='ltr'><strong>tris</strong></span> <span class='ocrx_word' id='word_1_91' title='bbox 219 1556 270 1607; x_wconf 90' lang='lat' dir='ltr'><strong>sui</strong></span> <span class='ocrx_word' id='word_1_92' title='bbox 289 1552 396 1606; x_wconf 88' lang='lat' dir='ltr'><strong>tenere</strong></span> <span class='ocrx_word' id='word_1_93' title='bbox 418 1547 531 1621; x_wconf 84' lang='lat' dir='ltr'><strong>sedem,</strong></span> <span class='ocrx_word' id='word_1_94' title='bbox 547 1547 647 1606; x_wconf 85' lang='lat' dir='ltr'><strong>multe</strong></span> <span class='ocrx_word' id='word_1_95' title='bbox 669 1565 763 1623; x_wconf 91' lang='lat' dir='ltr'><strong>quam</strong></span> <span class='ocrx_word' id='word_1_96' title='bbox 785 1566 909 1606; x_wconf 88' lang='lat' dir='ltr'><strong>servum</strong></span> <span class='ocrx_word' id='word_1_97' title='bbox 931 1547 1092 1624; x_wconf 81' lang='lat' dir='ltr'><strong>potiorem,</strong></span> 
     </span>
     <span class='ocr_line' id='line_1_14' title="bbox 137 1642 1094 1721; baseline 0.002 -20"><span class='ocrx_word' id='word_1_98' title='bbox 137 1643 245 1701; x_wconf 81' lang='lat' dir='ltr'><strong>tilium</strong></span> <span class='ocrx_word' id='word_1_99' title='bbox 264 1643 356 1719; x_wconf 89' lang='lat' dir='ltr'><strong>regis,</strong></span> <span class='ocrx_word' id='word_1_100' title='bbox 371 1653 460 1720; x_wconf 88' lang='lat' dir='ltr'><strong>regni</strong></span> <span class='ocrx_word' id='word_1_101' title='bbox 473 1642 636 1719; x_wconf 81' lang='lat' dir='ltr'><strong>heredem3</strong></span> <span class='ocrx_word' id='word_1_102' title='bbox 660 1644 737 1703; x_wconf 90' lang='lat' dir='ltr'><strong>satis</strong></span> <span class='ocrx_word' id='word_1_103' title='bbox 752 1643 842 1702; x_wconf 89' lang='lat' dir='ltr'><strong>illum</strong></span> <span class='ocrx_word' id='word_1_104' title='bbox 862 1644 917 1703; x_wconf 76' lang='lat' dir='ltr'><strong>diri</strong></span> <span class='ocrx_word' id='word_1_105' title='bbox 932 1663 988 1721; x_wconf 88' lang='lat' dir='ltr'><strong>per</strong></span> <span class='ocrx_word' id='word_1_106' title='bbox 1002 1644 1094 1703; x_wconf 86' lang='lat' dir='ltr'><strong>lieen-</strong></span> 
     </span>
     <span class='ocr_line' id='line_1_15' title="bbox 137 1740 1094 1814; baseline 0.001 -15"><span class='ocrx_word' id='word_1_107' title='bbox 137 1740 216 1800; x_wconf 88' lang='lat' dir='ltr'><strong>tiam</strong></span> <span class='ocrx_word' id='word_1_108' title='bbox 238 1740 417 1799; x_wconf 76' lang='lat' dir='ltr'><strong>elidentem</strong></span> <span class='ocrx_word' id='word_1_109' title='bbox 439 1740 773 1814; x_wconf 80' lang='lat' dir='ltr'><strong>insultassedominis,</strong></span> <span class='ocrx_word' id='word_1_110' title='bbox 793 1740 909 1799; x_wconf 86' lang='lat' dir='ltr'><strong>olemor</strong></span> <span class='ocrx_word' id='word_1_111' title='bbox 925 1741 964 1800; x_wconf 87' lang='lat' dir='ltr'><strong>ab</strong></span> <span class='ocrx_word' id='word_1_112' title='bbox 981 1747 1094 1800; x_wconf 82' lang='lat' dir='ltr'><strong>utrius</strong></span> 
     </span>
     <span class='ocr_line' id='line_1_16' title="bbox 137 1836 1094 1914; baseline 0 -18"><span class='ocrx_word' id='word_1_113' title='bbox 137 1856 199 1914; x_wconf 90' lang='lat' dir='ltr'><strong>que</strong></span> <span class='ocrx_word' id='word_1_114' title='bbox 224 1836 402 1897; x_wconf 70' lang='lat' dir='ltr'><strong>fautoribus</strong></span> <span class='ocrx_word' id='word_1_115' title='bbox 427 1836 535 1912; x_wconf 90' lang='lat' dir='ltr'><strong>oritur,</strong></span> <span class='ocrx_word' id='word_1_116' title='bbox 558 1843 590 1896; x_wconf 90' lang='lat' dir='ltr'><strong>et</strong></span> <span class='ocrx_word' id='word_1_117' title='bbox 615 1855 782 1897; x_wconf 80' lang='lat' dir='ltr'><strong>concursus</strong></span> <span class='ocrx_word' id='word_1_118' title='bbox 807 1838 915 1913; x_wconf 93' lang='lat' dir='ltr'><strong>populi</strong></span> <span class='ocrx_word' id='word_1_119' title='bbox 940 1839 1040 1897; x_wconf 87' lang='lat' dir='ltr'><strong>fiebat</strong></span> <span class='ocrx_word' id='word_1_120' title='bbox 1061 1838 1094 1896; x_wconf 96' lang='lat' dir='ltr'><strong>in</strong></span> 
     </span>
     <span class='ocr_line' id='line_1_17' title="bbox 137 1934 1145 2011; baseline 0.005 -19"><span class='ocrx_word' id='word_1_121' title='bbox 137 1934 267 2008; x_wconf 81' lang='lat' dir='ltr'><strong>curiam,</strong></span> <span class='ocrx_word' id='word_1_122' title='bbox 285 1934 517 2011; x_wconf 69' lang='lat' dir='ltr'><strong>apparebatque</strong></span> <span class='ocrx_word' id='word_1_123' title='bbox 538 1939 741 2011; x_wconf 80' lang='lat' dir='ltr'><strong>regnaturum</strong></span> <span class='ocrx_word' id='word_1_124' title='bbox 760 1943 816 2011; x_wconf 89' lang='lat' dir='ltr'><strong>qui</strong></span> <span class='ocrx_word' id='word_1_125' title='bbox 834 1934 970 1993; x_wconf 80' lang='lat' dir='ltr'><strong>vicisset.</strong></span> <span class='ocrx_word' id='word_1_126' title='bbox 1013 1936 1093 1994; x_wconf 86' lang='lat' dir='ltr'><strong>Tum</strong></span> <span class='ocrx_word' id='word_1_127' title='bbox 1129 1952 1145 1997; x_wconf 84' lang='lat'>3</span> 
     </span>
     <span class='ocr_line' id='line_1_18' title="bbox 136 2029 1095 2107; baseline 0.001 -19"><span class='ocrx_word' id='word_1_128' title='bbox 136 2029 339 2107; x_wconf 83' lang='lat' dir='ltr'><strong>Tarquinius,</strong></span> <span class='ocrx_word' id='word_1_129' title='bbox 355 2030 542 2090; x_wconf 79' lang='lat' dir='ltr'><strong>necessitate</strong></span> <span class='ocrx_word' id='word_1_130' title='bbox 564 2030 627 2089; x_wconf 88' lang='lat' dir='ltr'><strong>iam</strong></span> <span class='ocrx_word' id='word_1_131' title='bbox 644 2030 740 2089; x_wconf 91' lang='lat' dir='ltr'><strong>etiam</strong></span> <span class='ocrx_word' id='word_1_132' title='bbox 755 2030 825 2106; x_wconf 80' lang='lat' dir='ltr'><strong>ipse</strong></span> <span class='ocrx_word' id='word_1_133' title='bbox 839 2036 968 2105; x_wconf 86' lang='lat' dir='ltr'><strong>oegente</strong></span> <span class='ocrx_word' id='word_1_134' title='bbox 981 2030 1095 2090; x_wconf 85' lang='lat' dir='ltr'><strong>ultima</strong></span> 
     </span>
     <span class='ocr_line' id='line_1_19' title="bbox 137 2126 1094 2202; baseline 0.001 -17"><span class='ocrx_word' id='word_1_135' title='bbox 137 2127 261 2201; x_wconf 85' lang='lat' dir='ltr'><strong>audere,</strong></span> <span class='ocrx_word' id='word_1_136' title='bbox 283 2126 383 2186; x_wconf 85' lang='lat' dir='ltr'><strong>multe</strong></span> <span class='ocrx_word' id='word_1_137' title='bbox 408 2132 440 2185; x_wconf 89' lang='lat' dir='ltr'><strong>et</strong></span> <span class='ocrx_word' id='word_1_138' title='bbox 464 2131 567 2186; x_wconf 79' lang='lat' dir='ltr'><strong>aetate</strong></span> <span class='ocrx_word' id='word_1_139' title='bbox 591 2131 624 2185; x_wconf 92' lang='lat' dir='ltr'><strong>et</strong></span> <span class='ocrx_word' id='word_1_140' title='bbox 644 2126 764 2186; x_wconf 90' lang='lat' dir='ltr'><strong>viribus</strong></span> <span class='ocrx_word' id='word_1_141' title='bbox 786 2126 930 2202; x_wconf 86' lang='lat' dir='ltr'><strong>validior,</strong></span> <span class='ocrx_word' id='word_1_142' title='bbox 956 2127 1094 2186; x_wconf 92' lang='lat' dir='ltr'><strong>medium</strong></span> 
     </span>
     <span class='ocr_line' id='line_1_20' title="bbox 138 2222 1094 2301; baseline 0.002 -19"><span class='ocrx_word' id='word_1_143' title='bbox 138 2223 256 2300; x_wconf 86' lang='lat' dir='ltr'><strong>adripit</strong></span> <span class='ocrx_word' id='word_1_144' title='bbox 272 2223 424 2298; x_wconf 83' lang='lat' dir='ltr'><strong>Servium,</strong></span> <span class='ocrx_word' id='word_1_145' title='bbox 441 2222 620 2299; x_wconf 83' lang='lat' dir='ltr'><strong>elatumque</strong></span> <span class='ocrx_word' id='word_1_146' title='bbox 643 2232 659 2280; x_wconf 94' lang='lat' dir='ltr'><strong>e</strong></span> <span class='ocrx_word' id='word_1_147' title='bbox 681 2222 768 2282; x_wconf 79' lang='lat' dir='ltr'><strong>cerie</strong></span> <span class='ocrx_word' id='word_1_148' title='bbox 784 2223 817 2281; x_wconf 93' lang='lat' dir='ltr'><strong>in</strong></span> <span class='ocrx_word' id='word_1_149' title='bbox 833 2224 1013 2283; x_wconf 82' lang='lat' dir='ltr'><strong>inferiorem</strong></span> <span class='ocrx_word' id='word_1_150' title='bbox 1027 2243 1094 2301; x_wconf 86' lang='lat' dir='ltr'><strong>par·</strong></span> 
     </span>
     <span class='ocr_line' id='line_1_21' title="bbox 138 2319 1095 2397; baseline 0.001 -18"><span class='ocrx_word' id='word_1_151' title='bbox 138 2326 203 2379; x_wconf 88' lang='lat' dir='ltr'><strong>tem</strong></span> <span class='ocrx_word' id='word_1_152' title='bbox 217 2339 273 2397; x_wconf 86' lang='lat' dir='ltr'><strong>per</strong></span> <span class='ocrx_word' id='word_1_153' title='bbox 287 2320 403 2395; x_wconf 80' lang='lat' dir='ltr'><strong>gradis</strong></span> <span class='ocrx_word' id='word_1_154' title='bbox 419 2319 529 2395; x_wconf 90' lang='lat' dir='ltr'><strong>deioit;</strong></span> <span class='ocrx_word' id='word_1_155' title='bbox 553 2319 627 2378; x_wconf 92' lang='lat' dir='ltr'><strong>inde</strong></span> <span class='ocrx_word' id='word_1_156' title='bbox 649 2320 689 2378; x_wconf 89' lang='lat' dir='ltr'><strong>ad</strong></span> <span class='ocrx_word' id='word_1_157' title='bbox 711 2320 883 2395; x_wconf 90' lang='lat' dir='ltr'><strong>oegendum</strong></span> <span class='ocrx_word' id='word_1_158' title='bbox 904 2326 1046 2380; x_wconf 78' lang='lat' dir='ltr'><strong>senatum</strong></span> <span class='ocrx_word' id='word_1_159' title='bbox 1060 2322 1095 2380; x_wconf 96' lang='lat' dir='ltr'><strong>in</strong></span> 
     </span>
     <span class='ocr_line' id='line_1_22' title="bbox 138 2415 1095 2493; baseline 0.001 -18"><span class='ocrx_word' id='word_1_160' title='bbox 138 2416 258 2476; x_wconf 78' lang='lat' dir='ltr'><strong>oririam</strong></span> <span class='ocrx_word' id='word_1_161' title='bbox 272 2416 362 2475; x_wconf 91' lang='lat' dir='ltr'><strong>redit.</strong></span> <span class='ocrx_word' id='word_1_162' title='bbox 406 2417 460 2476; x_wconf 84' lang='lat' dir='ltr'><strong>Fit</strong></span> <span class='ocrx_word' id='word_1_163' title='bbox 475 2417 552 2492; x_wconf 85' lang='lat' dir='ltr'><strong>fuga</strong></span> <span class='ocrx_word' id='word_1_164' title='bbox 566 2415 648 2491; x_wconf 88' lang='lat' dir='ltr'><strong>regis</strong></span> <span class='ocrx_word' id='word_1_165' title='bbox 664 2416 879 2493; x_wconf 81' lang='lat' dir='ltr'><strong>apparitorum</strong></span> <span class='ocrx_word' id='word_1_166' title='bbox 895 2422 989 2493; x_wconf 90' lang='lat' dir='ltr'><strong>atque</strong></span> <span class='ocrx_word' id='word_1_167' title='bbox 1003 2418 1095 2476; x_wconf 92' lang='lat' dir='ltr'><strong>oomi·</strong></span> 
     </span>
     <span class='ocr_line' id='line_1_23' title="bbox 138 2512 1144 2591; baseline 0.005 -20"><span class='ocrx_word' id='word_1_168' title='bbox 138 2518 214 2571; x_wconf 87' lang='lat' dir='ltr'><strong>tum.</strong></span> <span class='ocrx_word' id='word_1_169' title='bbox 258 2514 331 2590; x_wconf 89' lang='lat' dir='ltr'><strong>Ipse</strong></span> <span class='ocrx_word' id='word_1_170' title='bbox 346 2531 442 2590; x_wconf 90' lang='lat' dir='ltr'><strong>prope</strong></span> <span class='ocrx_word' id='word_1_171' title='bbox 451 2512 627 2588; x_wconf 84' lang='lat' dir='ltr'><strong>exsanguis,</strong></span> <span class='ocrx_word' id='word_1_172' title='bbox 640 2513 679 2571; x_wconf 88' lang='lat' dir='ltr'><strong>ab</strong></span> <span class='ocrx_word' id='word_1_173' title='bbox 693 2512 734 2571; x_wconf 87' lang='lat' dir='ltr'><strong>iis</strong></span> <span class='ocrx_word' id='word_1_174' title='bbox 749 2522 805 2589; x_wconf 93' lang='lat' dir='ltr'><strong>qui</strong></span> <span class='ocrx_word' id='word_1_175' title='bbox 816 2513 906 2572; x_wconf 89' lang='lat' dir='ltr'><strong>missi</strong></span> <span class='ocrx_word' id='word_1_176' title='bbox 916 2514 955 2572; x_wconf 93' lang='lat' dir='ltr'><strong>ab</strong></span> <span class='ocrx_word' id='word_1_177' title='bbox 966 2514 1095 2591; x_wconf 82' lang='lat' dir='ltr'><strong>Tarqui·</strong></span> <span class='ocrx_word' id='word_1_178' title='bbox 1128 2534 1144 2577; x_wconf 86' lang='lat'>4</span> 
     </span>
     <span class='ocr_line' id='line_1_24' title="bbox 139 2608 1144 2685; baseline 0.002 -18"><span class='ocrx_word' id='word_1_179' title='bbox 139 2609 191 2669; x_wconf 88' lang='lat' dir='ltr'><strong>nio</strong></span> <span class='ocrx_word' id='word_1_180' title='bbox 208 2610 383 2685; x_wconf 83' lang='lat' dir='ltr'><strong>fugientem</strong></span> <span class='ocrx_word' id='word_1_181' title='bbox 402 2614 561 2669; x_wconf 75' lang='lat' dir='ltr'><strong>oenseoriti</strong></span> <span class='ocrx_word' id='word_1_182' title='bbox 578 2614 676 2684; x_wconf 85' lang='lat' dir='ltr'><strong>erant,</strong></span> <span class='ocrx_word' id='word_1_183' title='bbox 699 2608 894 2668; x_wconf 83' lang='lat' dir='ltr'><strong>interficitur.</strong></span> <span class='ocrx_word' id='word_1_184' title='bbox 938 2610 1092 2685; x_wconf 83' lang='lat' dir='ltr'><strong>Creditur,</strong></span> <span class='ocrx_word' id='word_1_185' title='bbox 1129 2630 1144 2675; x_wconf 82' lang='lat' dir='ltr'><strong>s</strong></span> 
     </span>
     <span class='ocr_line' id='line_1_25' title="bbox 140 2705 1093 2783; baseline 0.001 -18"><span class='ocrx_word' id='word_1_186' title='bbox 140 2707 287 2783; x_wconf 85' lang='lat' dir='ltr'><strong>quianon</strong></span> <span class='ocrx_word' id='word_1_187' title='bbox 301 2706 448 2767; x_wconf 89' lang='lat' dir='ltr'><strong>abhorret</strong></span> <span class='ocrx_word' id='word_1_188' title='bbox 462 2716 480 2767; x_wconf 80' lang='lat' dir='ltr'><strong>a</strong></span> <span class='ocrx_word' id='word_1_189' title='bbox 493 2712 596 2767; x_wconf 82' lang='lat' dir='ltr'><strong>cetere</strong></span> <span class='ocrx_word' id='word_1_190' title='bbox 612 2706 736 2780; x_wconf 82' lang='lat' dir='ltr'><strong>scelere,</strong></span> <span class='ocrx_word' id='word_1_191' title='bbox 749 2706 912 2765; x_wconf 73' lang='lat' dir='ltr'><strong>admonitii</strong></span> <span class='ocrx_word' id='word_1_192' title='bbox 923 2705 1045 2765; x_wconf 82' lang='lat' dir='ltr'><strong>Tulliae</strong></span> <span class='ocrx_word' id='word_1_193' title='bbox 1059 2707 1093 2766; x_wconf 95' lang='lat' dir='ltr'><strong>id</strong></span> 
     </span>
    </p>
   </div>
   <div class='ocr_carea' id='block_1_3' title="bbox 140 2801 1094 2960">
    <p class='ocr_par' dir='ltr' id='par_1_4' title="bbox 140 2801 1094 2960">
     <span class='ocr_line' id='line_1_26' title="bbox 140 2801 1094 2881; baseline 0.003 -21"><span class='ocrx_word' id='word_1_194' title='bbox 140 2801 266 2862; x_wconf 80' lang='lat' dir='ltr'><strong>facturn.</strong></span> <span class='ocrx_word' id='word_1_195' title='bbox 310 2804 466 2881; x_wconf 86' lang='lat' dir='ltr'><strong>Carpente</strong></span> <span class='ocrx_word' id='word_1_196' title='bbox 488 2809 579 2877; x_wconf 80' lang='lat' dir='ltr'><strong>certe,</strong></span> <span class='ocrx_word' id='word_1_197' title='bbox 595 2803 629 2862; x_wconf 91' lang='lat' dir='ltr'><strong>id</strong></span> <span class='ocrx_word' id='word_1_198' title='bbox 650 2804 735 2879; x_wconf 88' lang='lat' dir='ltr'><strong>quod</strong></span> <span class='ocrx_word' id='word_1_199' title='bbox 757 2803 834 2863; x_wconf 89' lang='lat' dir='ltr'><strong>satis</strong></span> <span class='ocrx_word' id='word_1_200' title='bbox 855 2808 986 2877; x_wconf 81' lang='lat' dir='ltr'><strong>constat,</strong></span> <span class='ocrx_word' id='word_1_201' title='bbox 1001 2803 1034 2861; x_wconf 89' lang='lat' dir='ltr'><strong>in</strong></span> <span class='ocrx_word' id='word_1_202' title='bbox 1048 2803 1094 2863; x_wconf 83' lang='lat' dir='ltr'><strong>fo</strong></span> 
     </span>
     <span class='ocr_line' id='line_1_27' title="bbox 141 2898 1093 2960; baseline 0.001 -2"><span class='ocrx_word' id='word_1_203' title='bbox 141 2917 208 2958; x_wconf 91' lang='lat' dir='ltr'><strong>rum</strong></span> <span class='ocrx_word' id='word_1_204' title='bbox 216 2900 342 2960; x_wconf 87' lang='lat' dir='ltr'><strong>inveota</strong></span> <span class='ocrx_word' id='word_1_205' title='bbox 350 2918 407 2959; x_wconf 87' lang='lat' dir='ltr'><strong>neo</strong></span> <span class='ocrx_word' id='word_1_206' title='bbox 418 2899 552 2959; x_wconf 88' lang='lat' dir='ltr'><strong>reverita</strong></span> <span class='ocrx_word' id='word_1_207' title='bbox 561 2905 682 2959; x_wconf 90' lang='lat' dir='ltr'><strong>ooetum</strong></span> <span class='ocrx_word' id='word_1_208' title='bbox 691 2900 830 2959; x_wconf 86' lang='lat' dir='ltr'><strong>virerum</strong></span> <span class='ocrx_word' id='word_1_209' title='bbox 840 2898 982 2959; x_wconf 81' lang='lat' dir='ltr'><strong>evocavit</strong></span> <span class='ocrx_word' id='word_1_210' title='bbox 989 2899 1093 2959; x_wconf 90' lang='lat' dir='ltr'><strong>virum</strong></span> 
     </span>
    </p>
   </div>
   <div class='ocr_carea' id='block_1_4' title="bbox 140 3055 1143 3651">
    <p class='ocr_par' dir='ltr' id='par_1_5' title="bbox 141 3055 1141 3173">
     <span class='ocr_line' id='line_1_28' title="bbox 141 3055 1141 3117; baseline 0.002 -14"><span class='ocrx_word' id='word_1_211' title='bbox 141 3059 265 3117; x_wconf 83' lang='lat' dir='ltr'><strong>arranged</strong></span> <span class='ocrx_word' id='word_1_212' title='bbox 280 3058 308 3104; x_wconf 90' lang='lat' dir='ltr'><strong>in</strong></span> <span class='ocrx_word' id='word_1_213' title='bbox 322 3058 430 3105; x_wconf 84' lang='lat' dir='ltr'><strong>ohiastio</strong></span> <span class='ocrx_word' id='word_1_214' title='bbox 444 3058 528 3105; x_wconf 87' lang='lat' dir='ltr'><strong>order.</strong></span> <span class='ocrx_word' id='word_1_215' title='bbox 559 3058 595 3104; x_wconf 88' lang='lat'><strong>11.</strong></span> <span class='ocrx_word' id='word_1_216' title='bbox 616 3055 783 3105; x_wconf 74' lang='lat' dir='ltr'><strong>honestetis:</strong></span> <span class='ocrx_word' id='word_1_217' title='bbox 806 3056 925 3115; x_wconf 65' lang='lat' dir='ltr'><strong>nobilita.</strong></span> <span class='ocrx_word' id='word_1_218' title='bbox 957 3058 993 3103; x_wconf 85' lang='lat'><strong>12.</strong></span> <span class='ocrx_word' id='word_1_219' title='bbox 1013 3056 1141 3117; x_wconf 78' lang='lat' dir='ltr'><strong>insignis:</strong></span> 
     </span>
     <span class='ocr_line' id='line_1_29' title="bbox 142 3126 250 3173; baseline 0.009 -3"><span class='ocrx_word' id='word_1_220' title='bbox 142 3126 250 3173; x_wconf 72' lang='lat' dir='ltr'><strong>amarit.</strong></span> 
     </span>
    </p>

    <p class='ocr_par' dir='ltr' id='par_1_6' title="bbox 140 3191 1143 3590">
     <span class='ocr_line' id='line_1_30' title="bbox 177 3191 1142 3250; baseline 0.001 -11"><span class='ocrx_word' id='word_1_221' title='bbox 177 3191 220 3240; x_wconf 74' lang='lat'><strong>48.</strong></span> <span class='ocrx_word' id='word_1_222' title='bbox 240 3196 263 3239; x_wconf 83' lang='lat'><strong>2.</strong></span> <span class='ocrx_word' id='word_1_223' title='bbox 282 3191 358 3240; x_wconf 74' lang='lat' dir='ltr'><strong>dum:</strong></span> <span class='ocrx_word' id='word_1_224' title='bbox 385 3206 420 3241; x_wconf 86' lang='lat' dir='ltr'><strong>se.</strong></span> <span class='ocrx_word' id='word_1_225' title='bbox 437 3194 539 3250; x_wconf 77' lang='lat' dir='ltr'><strong>diceret,</strong></span> <span class='ocrx_word' id='word_1_226' title='bbox 555 3193 700 3250; x_wconf 89' lang='lat' dir='ltr'><strong>dependent</strong></span> <span class='ocrx_word' id='word_1_227' title='bbox 715 3206 749 3239; x_wconf 94' lang='lat' dir='ltr'><strong>on</strong></span> <span class='ocrx_word' id='word_1_228' title='bbox 763 3191 1046 3250; x_wconf 61' lang='lat' dir='ltr'><strong>outae-potiorem:</strong></span> <span class='ocrx_word' id='word_1_229' title='bbox 1073 3207 1142 3241; x_wconf 86' lang='lat' dir='ltr'><strong>more</strong></span> 
     </span>
     <span class='ocr_line' id='line_1_31' title="bbox 142 3258 1143 3321; baseline 0.003 -17"><span class='ocrx_word' id='word_1_230' title='bbox 142 3258 244 3318; x_wconf 84' lang='lat' dir='ltr'><strong>lowsul‚·</strong></span> <span class='ocrx_word' id='word_1_231' title='bbox 260 3261 316 3321; x_wconf 80' lang='lat' dir='ltr'><strong>join</strong></span> <span class='ocrx_word' id='word_1_232' title='bbox 326 3261 390 3307; x_wconf 85' lang='lat' dir='ltr'><strong>with</strong></span> <span class='ocrx_word' id='word_1_233' title='bbox 403 3259 673 3308; x_wconf 72' lang='lat' dir='ltr'><strong>heredem-filium:</strong></span> <span class='ocrx_word' id='word_1_234' title='bbox 690 3262 833 3320; x_wconf 83' lang='lat' dir='ltr'><strong>appositive</strong></span> <span class='ocrx_word' id='word_1_235' title='bbox 849 3265 876 3307; x_wconf 86' lang='lat' dir='ltr'><strong>to</strong></span> <span class='ocrx_word' id='word_1_236' title='bbox 892 3263 926 3307; x_wconf 77' lang='lat' dir='ltr'><strong>se.</strong></span> <span class='ocrx_word' id='word_1_237' title='bbox 935 3271 1020 3319; x_wconf 85' lang='lat' dir='ltr'><strong>-per</strong></span> <span class='ocrx_word' id='word_1_238' title='bbox 1032 3295 1037 3307; x_wconf 95' lang='lat'><strong>.</strong></span> <span class='ocrx_word' id='word_1_239' title='bbox 1051 3294 1057 3307; x_wconf 92' lang='lat'><strong>.</strong></span> <span class='ocrx_word' id='word_1_240' title='bbox 1071 3296 1076 3307; x_wconf 91' lang='lat'><strong>.</strong></span> <span class='ocrx_word' id='word_1_241' title='bbox 1088 3260 1143 3308; x_wconf 74' lang='lat' dir='ltr'><strong>elfi-</strong></span> 
     </span>
     <span class='ocr_line' id='line_1_32' title="bbox 141 3325 1140 3388; baseline 0.002 -14"><span class='ocrx_word' id='word_1_242' title='bbox 141 3325 257 3377; x_wconf 79' lang='lat' dir='ltr'><strong>dentem:</strong></span> <span class='ocrx_word' id='word_1_243' title='bbox 275 3330 305 3376; x_wconf 79' lang='lat' dir='ltr'><strong>io</strong></span> <span class='ocrx_word' id='word_1_244' title='bbox 312 3334 416 3376; x_wconf 80' lang='lat' dir='ltr'><strong>wauton</strong></span> <span class='ocrx_word' id='word_1_245' title='bbox 424 3328 551 3385; x_wconf 73' lang='lat' dir='ltr'><strong>moctery.</strong></span> <span class='ocrx_word' id='word_1_246' title='bbox 582 3330 604 3375; x_wconf 89' lang='lat'><strong>3.</strong></span> <span class='ocrx_word' id='word_1_247' title='bbox 621 3328 752 3375; x_wconf 86' lang='lat' dir='ltr'><strong>medium:</strong></span> <span class='ocrx_word' id='word_1_248' title='bbox 770 3328 1140 3388; x_wconf 59' lang='lat' dir='ltr'><strong>interioria-regendum:</strong></span> 
     </span>
     <span class='ocr_line' id='line_1_33' title="bbox 141 3393 1142 3456; baseline 0.002 -14"><span class='ocrx_word' id='word_1_249' title='bbox 141 3399 265 3456; x_wconf 66' lang='lat' dir='ltr'><strong>restoring</strong></span> <span class='ocrx_word' id='word_1_250' title='bbox 280 3398 362 3443; x_wconf 84' lang='lat' dir='ltr'><strong>order.</strong></span> <span class='ocrx_word' id='word_1_251' title='bbox 394 3400 416 3444; x_wconf 87' lang='lat'><strong>4.</strong></span> <span class='ocrx_word' id='word_1_252' title='bbox 439 3393 598 3455; x_wconf 75' lang='lat' dir='ltr'><strong>exsanguis:</strong></span> <span class='ocrx_word' id='word_1_253' title='bbox 623 3398 720 3454; x_wconf 87' lang='lat' dir='ltr'><strong>though</strong></span> <span class='ocrx_word' id='word_1_254' title='bbox 737 3397 831 3443; x_wconf 85' lang='lat' dir='ltr'><strong>almost</strong></span> <span class='ocrx_word' id='word_1_255' title='bbox 845 3396 925 3443; x_wconf 80' lang='lat' dir='ltr'><strong>killed</strong></span> <span class='ocrx_word' id='word_1_256' title='bbox 942 3398 976 3456; x_wconf 83' lang='lat' dir='ltr'><strong>by</strong></span> <span class='ocrx_word' id='word_1_257' title='bbox 986 3399 1026 3444; x_wconf 90' lang='lat' dir='ltr'><strong>his</strong></span> <span class='ocrx_word' id='word_1_258' title='bbox 1042 3398 1098 3455; x_wconf 78' lang='lat' dir='ltr'><strong>fall,</strong></span> <span class='ocrx_word' id='word_1_259' title='bbox 1111 3399 1142 3445; x_wconf 91' lang='lat' dir='ltr'><strong>he</strong></span> 
     </span>
     <span class='ocr_line' id='line_1_34' title="bbox 140 3464 1142 3523; baseline 0.002 -13"><span class='ocrx_word' id='word_1_260' title='bbox 140 3466 212 3513; x_wconf 85' lang='lat' dir='ltr'><strong>made</strong></span> <span class='ocrx_word' id='word_1_261' title='bbox 227 3466 268 3513; x_wconf 87' lang='lat' dir='ltr'><strong>his</strong></span> <span class='ocrx_word' id='word_1_262' title='bbox 283 3479 342 3523; x_wconf 86' lang='lat' dir='ltr'><strong>way</strong></span> <span class='ocrx_word' id='word_1_263' title='bbox 357 3469 383 3511; x_wconf 90' lang='lat' dir='ltr'><strong>to</strong></span> <span class='ocrx_word' id='word_1_264' title='bbox 402 3467 445 3513; x_wconf 85' lang='lat' dir='ltr'><strong>the</strong></span> <span class='ocrx_word' id='word_1_265' title='bbox 464 3465 573 3523; x_wconf 80' lang='lat' dir='ltr'><strong>Cyprius</strong></span> <span class='ocrx_word' id='word_1_266' title='bbox 588 3466 660 3510; x_wconf 86' lang='lat' dir='ltr'><strong>vious</strong></span> <span class='ocrx_word' id='word_1_267' title='bbox 675 3465 728 3520; x_wconf 86' lang='lat' dir='ltr'><strong>(see</strong></span> <span class='ocrx_word' id='word_1_268' title='bbox 746 3464 829 3522; x_wconf 87' lang='lat' dir='ltr'><strong>maps)</strong></span> <span class='ocrx_word' id='word_1_269' title='bbox 847 3465 935 3511; x_wconf 78' lang='lat' dir='ltr'><strong>before</strong></span> <span class='ocrx_word' id='word_1_270' title='bbox 953 3466 984 3511; x_wconf 91' lang='lat' dir='ltr'><strong>he</strong></span> <span class='ocrx_word' id='word_1_271' title='bbox 1001 3478 1053 3512; x_wconf 84' lang='lat' dir='ltr'><strong>was</strong></span> <span class='ocrx_word' id='word_1_272' title='bbox 1071 3479 1142 3513; x_wconf 83' lang='lat' dir='ltr'><strong>over-</strong></span> 
     </span>
     <span class='ocr_line' id='line_1_35' title="bbox 140 3530 1142 3590; baseline 0.001 -11"><span class='ocrx_word' id='word_1_273' title='bbox 140 3533 226 3581; x_wconf 84' lang='lat' dir='ltr'><strong>taken.</strong></span> <span class='ocrx_word' id='word_1_274' title='bbox 256 3536 279 3580; x_wconf 87' lang='grc'><strong>5.</strong></span> <span class='ocrx_word' id='word_1_275' title='bbox 301 3531 442 3580; x_wconf 73' lang='lat' dir='ltr'><strong>abhorret:</strong></span> <span class='ocrx_word' id='word_1_276' title='bbox 466 3530 808 3580; x_wconf 72' lang='lat' dir='ltr'><strong>inconsistent-inrecte:</strong></span> <span class='ocrx_word' id='word_1_277' title='bbox 830 3532 1103 3590; x_wconf 60' lang='lat' dir='ltr'><strong>radium-reverita:</strong></span> <span class='ocrx_word' id='word_1_278' title='bbox 1120 3535 1142 3579; x_wconf 90' lang='lat' dir='ltr'><strong>it</strong></span> 
     </span>
    </p>

    <p class='ocr_par' dir='ltr' id='par_1_7' title="bbox 303 3618 321 3651">
     <span class='ocr_line' id='line_1_36' title="bbox 303 3618 321 3651; baseline 0 0"><span class='ocrx_word' id='word_1_279' title='bbox 303 3618 321 3651; x_wconf 86' lang='lat' dir='ltr'><strong>o</strong></span> 
     </span>
    </p>
   </div>
   <div class='ocr_carea' id='block_1_5' title="bbox 0 0 1440 4116">
    <p class='ocr_par' dir='ltr' id='par_1_8' title="bbox 0 0 1440 4116">
     <span class='ocr_line' id='line_1_37' title="bbox 0 0 1440 4116; baseline 0 0"><span class='ocrx_word' id='word_1_280' title='bbox 0 0 1440 4116; x_wconf 95' lang='lat' dir='ltr'><strong> </strong></span> 
     </span>
    </p>
   </div>
  </div>
 </body>
</html>
