2834 4117
368 934 472 1029 ΤΙΤΙ
505 934 622 1030 LIVI
650 934 723 1029 AB
756 934 896 1030 URBll
929 934 1157 1030 CONDITA

675 1314 808 1372 LIBER
835 1313 861 1372 I.

359 1508 385 1567 1.
415 1508 484 1567 Iam
505 1516 641 1586 primurn
663 1507 802 1566 omnium
824 1506 902 1566 satis
922 1512 1046 1567 constat
1064 1506 1159 1567 Troia
1177 1511 1271 1584 eapte

318 1606 352 1663 in
379 1610 497 1665 eeteros
526 1610 680 1664 saevitum
708 1622 776 1663 esse
797 1603 966 1678 Troianos3
992 1604 1122 1678 duobus,
1144 1601 1271 1662 Aeneae

318 1702 543 1778 Antenorique,
569 1706 601 1760 et
624 1706 744 1760 vetusti
770 1700 838 1758 iure
864 1699 996 1776 hospitii
1023 1706 1055 1759 et
1083 1700 1157 1777 quia
1183 1699 1270 1777 penis

318 1799 556 1875 reddendaeque
577 1796 719 1856 Helenae
734 1815 856 1874 semper
870 1802 1010 1857 auctores
1025 1796 1163 1871 fuerunt,
1179 1814 1270 1855 omne

281 1902 297 1948 2
318 1895 367 1955 iris
388 1894 464 1955 belli
484 1894 623 1954 Achivos
645 1893 843 1954 abstinuisse.
886 1892 1018 1954 Casibus
1038 1892 1152 1953 deinde
1172 1892 1269 1953 variis

318 1992 511 2051 Antenorem
533 2010 603 2050 eum
631 1990 835 2050 multitudine
862 1991 1007 2066 Enetum,
1033 2000 1088 2067 qui
1115 1990 1270 2051 seditione

318 2107 357 2148 ex
378 2088 593 2165 Paphlagonia
614 2086 698 2165 pulsi
719 2093 751 2147 et
772 2087 860 2147 sedes
881 2092 913 2145 et
933 2088 1043 2146 ducem
1065 2096 1137 2163 rege
1161 2087 1271 2166 Pylae

318 2204 407 2245 mene
432 2185 472 2244 ad
496 2185 620 2244 Troiam
643 2189 758 2243 emisso
778 2183 978 2261 quaerebant,
1000 2184 1124 2244 venisse
1145 2184 1179 2243 in
1199 2184 1272 2243 inti·

282 2294 297 2339 3
317 2302 403 2341 mum
418 2281 597 2341 Hadriatici
610 2282 706 2340 maris
727 2280 848 2355 sinum,
869 2281 1098 2357 Euganeisque,
1113 2290 1169 2357 qui
1187 2281 1271 2340 inter

317 2397 402 2438 mare
417 2377 576 2456 Alpesque
595 2377 782 2452 incolebant,
798 2378 898 2455 pulsis
919 2379 1037 2438 Enetos
1057 2378 1270 2455 Troianosque

318 2485 369 2535 ees
384 2475 522 2536 tenuisse
536 2481 644 2535 terres.
687 2475 730 2535 Et
743 2474 778 2533 in
794 2493 886 2551 quem
904 2484 1040 2552 primurn
1059 2484 1177 2551 egressi
1195 2481 1270 2536 sunt

317 2571 420 2631 looum
444 2572 539 2631 Troia
562 2578 699 2646 vocatur,
725 2581 867 2649 pagoque
893 2572 965 2632 inde
993 2573 1128 2633 Troiano
1155 2583 1270 2633 nomen

280 2675 381 2745 4est3
418 2678 493 2744 gens
521 2668 668 2729 universa
689 2670 805 2728 Veneti
839 2669 999 2746 appellati.
1055 2670 1195 2729 Aeneam
1230 2671 1270 2730 ab
1332 2697 1339 2722 ι
1414 2701 1415 2704 “

317 2765 415 2826 simili
438 2766 526 2825 clade
550 2766 642 2825 domo
670 2766 848 2843 profugum,
874 2767 929 2827 sed
953 2767 992 2826 ad
1020 2767 1139 2827 meiora
1165 2777 1275 2840 rerum¹

315 2862 410 2923 initia
429 2863 614 2922 docentibus
636 2863 714 2923 fetis
736 2873 838 2940 primo
855 2863 889 2922 in
905 2864 1120 2923 Macedoniam
1135 2864 1269 2939 venisse,

305 3054 329 3102 1.
346 3057 399 3103 The
410 3056 551 3114 soattering
562 3057 589 3102 ot
604 3056 648 3104 the
658 3057 768 3116 Trojano
778 3057 830 3103 and
845 3058 942 3104 arrival
957 3058 985 3103 ot
1000 3058 1099 3105 Aeneas
1114 3058 1142 3104 in
1157 3057 1271 3117 Italy.-

266 3126 287 3169 1.
308 3122 367 3171 Iam
380 3158 385 3169 .
399 3158 404 3170 .
419 3121 568 3171 ‚omniumz
591 3129 615 3170 to
632 3123 707 3183 begin
717 3124 899 3172 mitt—satin
919 3125 1040 3173 constat:
1062 3127 1090 3171 L.
1106 3140 1195 3172 means
1210 3127 1271 3173 that

265 3192 317 3237 this
335 3193 357 3238 is
375 3192 418 3238 the
436 3191 530 3238 settled
549 3193 681 3248 tradition,
700 3199 746 3239 not
764 3194 870 3240 historio
890 3192 1112 3240 fact—duobus:
1132 3194 1186 3241 dat.
1202 3207 1269 3241 eom.

264 3260 328 3305 with
344 3259 507 3306 abstinuisse.
538 3261 560 3305 2.
581 3257 692 3307 Oeslbue
705 3294 710 3305 .
724 3294 730 3306 .
744 3271 801 3306 .v.:
816 3261 890 3318 from
906 3262 956 3308 iltis
973 3265 1049 3319 point
1067 3263 1133 3309 their
1148 3264 1272 3320 fortunae

265 3328 392 3385 diverged.
423 3326 550 3374 Enetum:
568 3328 671 3381 Homer,
683 3328 713 3374 Il.
725 3330 747 3374 2.
759 3330 811 3385 852,
820 3329 909 3375 makes
917 3330 961 3376 the
972 3330 1047 3376 Enati
1056 3331 1084 3375 of
1094 3330 1271 3388 Paphlagonia

264 3397 308 3442 the
318 3396 392 3442 allies
403 3397 431 3443 of
445 3397 489 3443 the
499 3396 622 3454 Troians3
639 3397 682 3443 the
692 3397 806 3443 transfer
817 3402 845 3443 to
855 3397 947 3443 Veneti
959 3398 1040 3445 under
1050 3411 1066 3444 a
1076 3398 1171 3457 Trojan
1182 3398 1270 3444 leader

264 3464 286 3510 is
307 3465 420 3511 natural.
457 3465 480 3509 3.
500 3462 602 3510 locum:
625 3477 667 3510 see
686 3464 769 3522 praei.
786 3464 799 3522 ξ
819 3466 855 3511 11.
888 3467 911 3510 4.
931 3464 1049 3512 meiere:
1071 3466 1207 3525 hypallage
1228 3465 1270 3511 tor

264 3532 400 3579 mdiorum.
