2834 4117
247 337 288 401 54
660 343 736 392 ΤΙΤΙ
759 342 837 391 LIVI
897 416 909 431 .

295 529 370 580 voce
384 518 513 580 oaelestl
527 539 566 578 ex
580 519 704 579 Albano
719 524 823 578 monte
837 518 1062 578 missa-nam
1077 518 1110 577 id
1125 537 1249 595 quoque

295 617 543 677 traditur—seu
564 615 763 693 haruspicum
785 615 923 690 monitu3
949 614 1065 675 mansit
1086 620 1170 674 certe
1191 615 1250 675 sol-

296 714 408 789 lemne,
433 719 478 788 ut,
507 713 692 790 quandoque
720 712 803 770 idem
832 712 1011 789 prodigium
1038 711 1247 786 nuntiaretur,

209 833 213 842 ·
296 811 394 871 feriae
415 829 471 887 per
492 828 602 869 novem
624 809 690 868 dies
713 814 886 885 agerentur.

336 908 433 967 Haud
460 908 505 967 ita
532 906 631 966 multo
662 911 734 982 post
766 905 947 982 pestilentia
981 905 1156 965 laboratum
1190 911 1247 966 est.

260 1024 275 1067 o
297 1005 391 1066 Unde
406 1023 475 1063 oum
492 1003 621 1081 pigritia
638 1002 798 1062 militandi
815 1008 963 1077 oreretur,
978 1001 1067 1061 nulla
1082 1008 1189 1062 tamen
1209 1003 1249 1062 ab

297 1111 391 1162 armis
406 1101 496 1178 quies
510 1101 643 1161 dabatur
657 1108 676 1158 a
690 1099 839 1159 bellicoso
861 1109 940 1173 rege,
957 1098 1131 1159 salubriora
1151 1099 1248 1158 etiam

297 1198 441 1258 credente
469 1197 600 1257 militiae
625 1215 719 1273 quam
742 1196 827 1254 dorni
851 1195 999 1254 iuvenum
1020 1213 1150 1272 corpora
1170 1213 1248 1271 esse,

297 1296 394 1354 donec
418 1294 486 1371 ipse
510 1312 633 1370 quoque
657 1292 829 1369 longinquo
855 1292 963 1351 morbo
990 1297 1039 1351 est
1066 1291 1247 1368 implicitus.

260 1402 276 1448 6
297 1393 384 1449 Tune
399 1391 476 1451 adeo
490 1391 584 1449 fracti
598 1390 692 1449 simul
712 1408 782 1447 oum
803 1407 930 1465 corpore
951 1394 1025 1448 sunt
1046 1388 1176 1465 spiritus
1197 1388 1250 1447 illi

297 1488 426 1562 feroces,
447 1492 492 1561 ut,
515 1496 570 1563 qui
587 1486 668 1545 nihil
690 1492 763 1545 ante
784 1492 871 1545 ratus
893 1490 975 1545 esset
999 1484 1103 1545 minus
1127 1485 1249 1560 regium

297 1602 391 1661 quam
406 1593 502 1644 sacris
520 1583 632 1643 dedere
649 1583 797 1656 animum,
812 1588 940 1659 repente
961 1581 1105 1641 omnibus
1125 1590 1249 1657 magnis

297 1690 463 1758 parvisque
479 1680 754 1757 superstitionibus
769 1678 920 1739 obnoxius
941 1679 1076 1753 degeret,
1092 1678 1251 1753 religioni-

261 1794 275 1839 t
297 1778 416 1854 busque
430 1777 525 1837 etiam
539 1777 689 1853 populum
703 1776 857 1852 impleret.
899 1774 1002 1851 Vulgo
1016 1775 1079 1834 iam
1096 1774 1249 1851 homines,

297 1893 368 1934 eum
382 1880 499 1935 statum
513 1883 615 1932 rorum
631 1882 686 1950 qui
700 1873 759 1932 sub
772 1873 878 1931 Numa
887 1882 959 1947 rege
973 1873 1077 1934 fuerat
1091 1882 1250 1950 requiren-

296 1976 354 2046 tes,
363 1980 457 2030 unam
469 1989 558 2046 opem
570 1978 671 2045 aegris
682 1968 861 2047 eorporibus
873 1969 1023 2043 relictam,
1036 1979 1064 2029 si
1074 1979 1137 2047 pax
1145 1969 1251 2029 venia-

261 2087 276 2133 8
298 2086 358 2145 que
367 2068 405 2127 ab
414 2068 475 2126 diis
485 2067 651 2144 impetrata
660 2072 751 2140 esset,
760 2066 935 2125 eredebant
957 2066 1066 2142 Ipsum
1075 2076 1179 2141 regern
1188 2072 1251 2127 tra

297 2163 561 2224 duntvolventem
572 2161 811 2222 commentarios
819 2163 951 2237 Numae,
961 2181 1031 2221 oum
1042 2162 1086 2222 ibi
1095 2163 1251 2240 quaedam

297 2261 420 2321 occulta
433 2259 597 2320 sollemnia
611 2258 764 2319 sacrificia
774 2259 844 2317 Iovi
857 2247 959 2318 Elicio
970 2259 1056 2319 faeta
1065 2259 1250 2335 invenisset,

297 2363 460 2434 operatum
482 2356 521 2416 iis
545 2364 640 2416 saeris
660 2365 693 2415 se
713 2355 887 2430 abdidisse;
913 2356 1045 2415 sednon
1059 2362 1119 2416 rite
1133 2356 1249 2415 initum

298 2461 353 2514 eut
369 2459 511 2513 curatum
526 2452 559 2512 id
574 2471 696 2512 eaerum
711 2470 787 2526 esse,
802 2470 859 2511 neo
874 2451 975 2511 solum
989 2452 1109 2511 nullam
1124 2462 1154 2511 ei
1167 2452 1252 2512 obla·

297 2556 360 2610 tam
376 2549 558 2609 caelestium
573 2549 718 2625 speeiem,
733 2548 789 2608 sed
803 2557 850 2607 ira
864 2548 950 2608 Iovis
970 2548 1134 2609 sollicitati
1152 2558 1266 2626 prava·

248 2752 329 2798 aethe
340 2751 445 2797 Albane.
477 2750 527 2797 For
537 2751 580 2796 the
591 2749 705 2805 festival,
717 2762 758 2796 see
769 2762 802 2795 on
811 2750 848 2795 21.
857 2750 894 2795 62.
902 2751 924 2795 6.
932 2750 1053 2797 -οοηδε
1070 2750 1184 2797 however
1192 2751 1253 2797 thot

247 2832 307 2876 moy
317 2819 352 2875 be,
362 2819 477 2865 whether
483 2819 505 2864 it
512 2831 566 2865 was
574 2830 590 2864 a
597 2818 684 2864 divine
693 2818 764 2863 voice
773 2831 802 2863 or
810 2818 853 2862 the
861 2817 986 2863 direction
994 2818 1022 2863 oi
1030 2831 1046 2863 a
1053 2820 1213 2876 soothsayer.
1220 2842 1254 2852 -

246 2886 437 2946 quandoque=
447 2888 667 2944 quandoeumque.
697 2886 720 2931 5.
740 2883 896 2931 laboratum
906 2896 943 2932 a:
960 2884 1250 2945 norma-pigritia:

247 2951 949 3012 indispositamresultingstomachosa—iuvenum:
966 2953 1080 2999 soldiere.
1106 2956 1128 2999 6.
1145 2954 1209 3012 qui,
1223 2987 1250 3000 ,.

247 3021 370 3081 degeret:
382 3022 456 3078 from
472 3021 594 3079 tlatnkiay
609 3021 666 3067 thot
681 3021 791 3078 ruothino
801 3033 854 3066 eoae
870 3021 918 3066 lese
927 3021 1001 3078 νομαὶ
1012 3021 1077 3067 lton
1087 3022 1214 3067 attention
1224 3026 1253 3067 to

247 3092 381 3147 eumaeo,
388 3090 419 3136 he
428 3089 553 3147 suddenly
563 3090 662 3136 become
673 3088 723 3147 (lit.
733 3089 824 3147 passed
835 3088 875 3134 his
885 3088 961 3144 time;
977 3101 1012 3134 eo.
1021 3089 1131 3135 oetdtem
1138 3089 1202 3135 with
1209 3090 1254 3135 dei-

247 3157 326 3214 oeret)
341 3171 357 3203 o
370 3170 433 3215 prey
444 3162 469 3203 to
480 3170 552 3215 every
562 3157 627 3203 lotrad
637 3158 667 3213 of
674 3158 852 3213 superstitione
857 3158 928 3212 seor,
937 3161 1011 3213 yreot
1019 3157 1073 3202 aad
1081 3156 1167 3203 arnoll.
1174 3166 1255 3203 -το-

246 3223 405 3285 ligionibue:
423 3225 459 3272 all
468 3225 546 3271 klnds
556 3226 583 3271 oi
598 3224 719 3283 religious
729 3225 852 3282 thoughts
863 3224 914 3270 and
924 3224 1085 3270 ceremoniee.
1123 3226 1146 3270 7.
1167 3224 1208 3270 ni.
1222 3258 1251 3271 ..
1331 3245 1335 3252 =

247 3295 331 3340 esset:
344 3293 460 3351 explains
468 3305 548 3350 opem,
558 3294 598 3339 tlte
606 3294 743 3350 obtaioiay
750 3293 781 3349 os
789 3292 830 3337 tlze
838 3293 924 3338 divine
927 3292 1015 3349 favor.
1041 3293 1063 3338 8.
1078 3290 1250 3339 volventem:

247 3362 352 3419 rolling;
364 3373 436 3408 aswe
443 3373 498 3419 say,
507 3362 615 3418 turnino
623 3361 663 3407 tte
670 3360 768 3416 leooee;
779 3360 865 3415 hence,
873 3357 1250 3418 redditio-oomentlrioa:

247 3431 320 3476 those
331 3429 434 3487 implied
443 3429 469 3473 in
480 3442 502 3474 o.
511 3430 547 3474 20.
557 3430 579 3473 5.
586 3454 615 3461 -
623 3427 742 3475 occulta:
759 3428 813 3487 join
824 3428 888 3474 with
898 3428 943 3474 eol.
954 3440 1022 3484 eoo.,·
1037 3432 1120 3474 soeret
1130 3428 1210 3473 forms
1222 3429 1254 3475 of

247 3498 393 3544 invocation
401 3511 430 3543 or
439 3496 791 3552 incantatae-operatum
804 3529 809 3540 .
823 3528 828 3539 .
843 3529 848 3540 .
859 3494 917 3541 ab.:
933 3496 1008 3542 while
1018 3496 1135 3552 enqooed
1143 3496 1173 3542 in
1180 3493 1253 3543 these

247 3564 403 3611 eaeredrttee
412 3563 505 3620 (saeris
512 3564 534 3610 is
540 3563 607 3621 dat.)
617 3563 647 3609 te
655 3565 716 3609 etot
722 3562 830 3620 himself
833 3563 863 3609 ia
868 3563 909 3609 leia
915 3562 1093 3611 leonae—la:
1103 3563 1192 3611 oasual
1198 3563 1254 3613 abl.
