2834 4117
208 276 250 342 70
623 286 699 337 rrr1
722 286 802 337 c1v1

222 476 238 521 6
258 460 298 519 ed
312 469 415 535 regem
430 467 571 538 pergunt.
614 462 723 521 Primo
737 468 870 539 uterque
883 461 1052 521 vociferari
1066 468 1099 521 et
1115 469 1220 522 certor

257 557 316 615 tim
331 557 411 616 alter
425 557 517 617 alteri
531 559 718 635 obstrepere.
759 559 896 619 Ooerciti
909 559 949 617 ab
962 558 1071 618 liotore
1085 564 1118 617 et
1131 559 1220 618 iussi

257 654 292 711 in
306 653 405 713 vicem
426 655 528 713 dicere
549 656 677 714 tandem
698 654 826 733 obloqui
846 654 1020 730 desistuut;
1041 665 1123 715 rinus
1143 674 1219 715 rem

129 739 133 753 '
223 760 237 806 i
258 769 297 809 ex
320 750 492 828 composite
514 752 642 811 orditur.
686 752 770 810 Dum
791 752 932 813 intentus
952 752 988 811 in
1008 770 1080 811 eum
1100 760 1133 810 se
1154 761 1218 811 rex

258 853 343 907 totus
358 853 523 923 everteret,
538 848 618 908 alter
632 849 748 908 elatam
763 849 895 908 securim
916 848 951 907 in
971 854 1066 926 caput
1086 847 1217 925 deiecit,

258 944 430 1021 relictoque
444 944 478 1003 in
491 945 621 1005 vulnere
635 945 700 1005 telo
714 945 805 1005 ambo
819 954 852 1005 se
866 945 952 1005 fores
967 944 1092 1004 eiciunt

298 1042 346 1100 41.
375 1041 581 1118 Tarquinium
606 1042 826 1101 moribundum
850 1061 921 1102 cum
942 1051 998 1119 qui
1018 1042 1101 1101 circa
1121 1048 1218 1103 erant

259 1138 464 1215 excepissent,
490 1138 562 1199 illos
591 1138 751 1214 fugientes
778 1139 905 1199 lictores
932 1139 1215 1216 comprehendunt.

259 1235 385 1297 Clamor
399 1235 472 1295 inde
487 1254 718 1313 concursusque
739 1235 849 1313 populi
869 1235 1052 1295 mirantium
1066 1235 1144 1313 quid
1164 1246 1219 1295 rei

259 1337 349 1393 esset.
392 1332 549 1409 Tanaquil
563 1332 646 1391 inter
659 1332 830 1391 tumultum
850 1332 956 1392 claudi
976 1332 1093 1409 regiam
1114 1332 1216 1408 iubet,

259 1428 393 1488 arbitros
414 1428 504 1504 eicit;
528 1429 622 1488 simul
637 1447 718 1506 quae
732 1430 870 1489 curando
884 1429 1009 1488 vulneri
1028 1447 1106 1506 opus
1127 1434 1216 1504 sunt,

258 1531 419 1601 tamquam
448 1534 519 1603 spes
548 1526 698 1601 subesset,
728 1526 837 1586 sedulo
864 1531 1033 1603 comparat,
1057 1524 1159 1598 simul,
1183 1536 1219 1585 si

224 1636 239 1681 2
259 1621 412 1681 destituat
427 1632 506 1699 spes,
522 1622 586 1682 alia
599 1622 757 1699 praesidia
770 1622 907 1682 molitur.
951 1622 1060 1682 Servio
1080 1632 1217 1699 propere

259 1724 357 1777 accito
378 1737 449 1778 cum
470 1738 568 1795 paene
589 1737 780 1794 exsanguem
801 1720 905 1777 virum
926 1719 1125 1792 ostendisset,
1140 1718 1219 1777 dex-

258 1821 341 1875 tram
355 1821 466 1875 tenens
480 1821 550 1875 orat
563 1825 602 1874 ne
618 1816 753 1875 inultam
767 1823 899 1875 mortem
914 1825 1021 1891 soceri,
1035 1825 1076 1873 ne
1090 1834 1218 1875 socrum

224 1911 395 1971 sinimiois
423 1911 560 1971 ludibrio
588 1930 655 1971 esse
685 1912 776 1971 sinat.
834 1913 964 1970 “Tuum
992 1913 1069 1986 est,''
1097 1911 1216 1987 inquit,

210 2086 214 2093 ι
260 2013 278 2044 “
288 2009 385 2082 Servi,
412 2018 439 2067 si
465 2008 515 2067 vir
542 2027 585 2084 es,
614 2018 754 2084 regnum,
782 2018 846 2069 non
873 2017 988 2083 eorum,
1018 2018 1073 2085 qui
1099 2007 1217 2068 alienis

259 2104 403 2164 manibus
418 2105 588 2181 pessimum
608 2105 731 2164 focinus
752 2106 863 2164 fecere.
906 2094 1001 2181 Erige
1022 2112 1054 2164 te
1075 2106 1217 2180 deosque

260 2202 353 2261 duces
369 2220 505 2278 sequere,
521 2211 576 2279 qui
589 2201 708 2260 clerum
725 2200 784 2261 hoc
801 2202 869 2261 fore
884 2209 980 2278 caput
997 2203 1105 2261 divino
1118 2220 1219 2277 quon-

259 2298 331 2357 dam
346 2297 535 2357 circumfuso
556 2306 622 2373 igni
642 2298 877 2375 portenderunt.
920 2299 1015 2357 Nunc
1030 2303 1062 2357 te
1077 2297 1134 2357 illa
1148 2315 1218 2356 eae-

259 2394 348 2454 lestis
363 2394 480 2453 excitet
493 2394 627 2469 flamma,
643 2414 726 2453 nunc
741 2404 955 2471 expergiscere
968 2403 1048 2453 vere.
1091 2395 1135 2453 Et
1154 2402 1217 2454 nos

259 2499 416 2567 peregrini
444 2490 649 2565 regnavimus.
693 2491 756 2561 Qui
783 2500 835 2565 sis,
857 2501 921 2550 non
940 2490 1023 2549 unde
1044 2496 1137 2549 notus
1158 2498 1215 2565 sis,

259 2594 377 2665 reputo.
421 2587 456 2646 Si
475 2592 532 2646 tua
552 2596 585 2645 re
607 2586 713 2646 subito
733 2587 867 2647 consilia
887 2593 1022 2665 torpent,
1038 2592 1071 2646 et
1088 2592 1125 2646 tir
1142 2604 1217 2647 mea

223 2701 238 2744 4
259 2683 390 2743 consilia
415 2683 572 2760 sequere.''
615 2683 693 2743 (lum
707 2684 831 2770 ,clamor
853 2684 1050 2760 impetusque
1071 2683 1218 2741 multitu-

259 2779 343 2839 dinis
357 2779 412 2838 vix
434 2780 583 2839 sustineri
604 2785 720 2857 posset,
736 2798 774 2839 ex
796 2780 955 2857 superiore
976 2785 1064 2857 parte
1086 2780 1216 2839 aedium

209 2964 252 3008 the
272 2964 381 3020 thought
401 2963 429 3008 oi
448 2961 570 3009 different
586 2964 758 3021 implemento.
788 2965 810 3008 6.
832 2960 990 3009 vocifereri:
1012 2963 1073 3009 hist.
1089 2962 1217 3009 int—ex

209 3029 369 3087 composito:
382 3031 721 3087 apreeduponbesoretend.
743 3034 765 3077 7.
781 3029 861 3076 Dum:
873 3031 926 3077 like
933 3045 1000 3085 cum,
1007 3030 1215 3088 withimp.sub1'.

247 3096 291 3143 41.
312 3098 371 3143 Rise
382 3099 409 3143 oi
423 3098 527 3145 Servius
537 3099 645 3144 Tullius.
677 3101 698 3143 1.
717 3098 786 3156 qui.
805 3131 811 3145 .
830 3132 835 3144 .
853 3100 946 3145 erant:
964 3100 1004 3145 tlte
1016 3099 1218 3156 tessander&-

209 3164 326 3213 Glmor:
342 3167 385 3212 the
396 3166 517 3213 omission
528 3167 556 3212 of
567 3168 611 3212 the
620 3168 691 3222 verb,
703 3179 732 3212 as
742 3166 900 3225 throughout
908 3168 952 3213 the
961 3168 1067 3224 chapter
1077 3168 1121 3212 the
1130 3167 1216 3222 short,

208 3239 276 3280 terse
291 3239 432 3289 sentences,
448 3235 506 3293 give
521 3235 591 3281 force
607 3234 657 3280 and
673 3235 798 3293 intensity
814 3239 841 3280 to
856 3235 900 3281 the
915 3231 1214 3281 scene—mirantium:

209 3301 303 3358 eskino
313 3302 375 3348 with
386 3307 554 3358 amarescent,
564 3316 652 3361 agrees
661 3303 725 3347 with
731 3302 829 3359 populi.
836 3300 1005 3348 -arbltrom
1019 3303 1157 3356 interresset,
1166 3305 1217 3358 qui

209 3369 278 3415 circo
297 3367 547 3416 erant-subesset
565 3403 571 3415 .
591 3403 596 3413 .
616 3403 620 3413 .
638 3368 785 3415 destituat:
807 3370 880 3427 impi.
901 3370 929 3416 ot
948 3368 1076 3423 doubtful,
1097 3382 1163 3426 pres.
1185 3370 1216 3416 ol

209 3436 339 3493 probable,
351 3437 444 3492 result;
461 3437 504 3481 the
517 3436 663 3483 conclusion
674 3438 702 3482 oi
717 3440 740 3481 si
751 3437 874 3482 dosts'twt
886 3437 907 3481 is
914 3438 1054 3492 praesidia.
1085 3438 1107 3480 3.
1127 3434 1177 3481 hoc
1186 3454 1212 3473 =

210 3501 385 3555 tuum-Qui
393 3503 444 3549 sis:
460 3503 529 3549 what
540 3503 662 3561 (maniter
672 3504 716 3561 os)
730 3516 800 3549 ercan.
808 3503 873 3549 -τδ
883 3502 987 3550 subiti:
1004 3504 1125 3560 surprise.
1133 3504 1213 3551 -stz
