<?xml version="1.0" encoding="UTF-8"?>
<!DOCTYPE html PUBLIC "-//W3C//DTD XHTML 1.0 Transitional//EN"
    "http://www.w3.org/TR/xhtml1/DTD/xhtml1-transitional.dtd">
<html xmlns="http://www.w3.org/1999/xhtml" xml:lang="en" lang="en">
 <head>
  <title>
</title>
<meta http-equiv="Content-Type" content="text/html;charset=utf-8" />
  <meta name='ocr-system' content='tesseract 3.04.00' />
  <meta name='ocr-capabilities' content='ocr_page ocr_carea ocr_par ocr_line ocrx_word'/>
</head>
<body>
  <div class='ocr_page' id='page_1' title='image "./livybooki01lordgoog_0009.png"; bbox 0 0 2834 4117; ppageno 0'>
   <div class='ocr_carea' id='block_1_1' title="bbox 338 744 1008 1037">
    <p class='ocr_par' dir='ltr' id='par_1_1' title="bbox 338 744 1008 1037">
     <span class='ocr_line' id='line_1_1' title="bbox 520 744 849 843; baseline 0 0"><span class='ocrx_word' id='word_1_1' title='bbox 520 745 659 843; x_wconf 81' lang='grc' dir='ltr'>ΤΙΤΙ</span> <span class='ocrx_word' id='word_1_2' title='bbox 705 744 849 843; x_wconf 87' lang='lat' dir='ltr'>LIVI</span> 
     </span>
     <span class='ocr_line' id='line_1_2' title="bbox 338 960 1008 1037; baseline 0 -2"><span class='ocrx_word' id='word_1_3' title='bbox 338 961 406 1035; x_wconf 81' lang='lat' dir='ltr'>AB</span> <span class='ocrx_word' id='word_1_4' title='bbox 440 960 574 1035; x_wconf 82' lang='lat' dir='ltr'>unns</span> <span class='ocrx_word' id='word_1_5' title='bbox 610 960 835 1037; x_wconf 73' lang='lat' dir='ltr'>couniri</span> <span class='ocrx_word' id='word_1_6' title='bbox 869 961 1008 1036; x_wconf 80' lang='lat' dir='ltr'>meru</span> 
     </span>
    </p>
   </div>
   <div class='ocr_carea' id='block_1_2' title="bbox 553 1269 810 1331">
    <p class='ocr_par' dir='ltr' id='par_1_2' title="bbox 553 1269 810 1331">
     <span class='ocr_line' id='line_1_3' title="bbox 553 1269 810 1331; baseline 0 -2"><span class='ocrx_word' id='word_1_7' title='bbox 553 1269 810 1331; x_wconf 81' lang='lat' dir='ltr'><strong>PRAEFATIO.</strong></span> 
     </span>
    </p>
   </div>
   <div class='ocr_carea' id='block_1_3' title="bbox 179 1416 1169 2750">
    <p class='ocr_par' dir='ltr' id='par_1_3' title="bbox 179 1416 1169 2750">
     <span class='ocr_line' id='line_1_4' title="bbox 220 1416 1134 1495; baseline 0.003 -20"><span class='ocrx_word' id='word_1_8' title='bbox 220 1416 415 1477; x_wconf 75' lang='lat' dir='ltr'>Facturusne</span> <span class='ocrx_word' id='word_1_9' title='bbox 448 1434 560 1494; x_wconf 83' lang='lat' dir='ltr'>operae</span> <span class='ocrx_word' id='word_1_10' title='bbox 592 1417 730 1495; x_wconf 89' lang='lat' dir='ltr'>pretium</span> <span class='ocrx_word' id='word_1_11' title='bbox 764 1417 834 1491; x_wconf 91' lang='lat' dir='ltr'>sim,</span> <span class='ocrx_word' id='word_1_12' title='bbox 863 1426 892 1477; x_wconf 90' lang='lat' dir='ltr'>si</span> <span class='ocrx_word' id='word_1_13' title='bbox 917 1426 937 1477; x_wconf 75' lang='lat' dir='ltr'>e</span> <span class='ocrx_word' id='word_1_14' title='bbox 963 1418 1134 1495; x_wconf 82' lang='lat' dir='ltr'>primordio</span> 
     </span>
     <span class='ocr_line' id='line_1_5' title="bbox 180 1512 1132 1592; baseline 0.004 -21"><span class='ocrx_word' id='word_1_15' title='bbox 180 1513 267 1575; x_wconf 89' lang='lat' dir='ltr'>urbis</span> <span class='ocrx_word' id='word_1_16' title='bbox 286 1523 336 1573; x_wconf 83' lang='lat' dir='ltr'>res</span> <span class='ocrx_word' id='word_1_17' title='bbox 355 1512 465 1591; x_wconf 87' lang='lat' dir='ltr'>populi</span> <span class='ocrx_word' id='word_1_18' title='bbox 482 1514 618 1573; x_wconf 70' lang='lat' dir='ltr'>Romani</span> <span class='ocrx_word' id='word_1_19' title='bbox 636 1513 881 1592; x_wconf 78' lang='lat' dir='ltr'>perscripserim,</span> <span class='ocrx_word' id='word_1_20' title='bbox 896 1533 953 1574; x_wconf 90' lang='lat' dir='ltr'>nec</span> <span class='ocrx_word' id='word_1_21' title='bbox 967 1514 1045 1575; x_wconf 85' lang='lat' dir='ltr'>setis</span> <span class='ocrx_word' id='word_1_22' title='bbox 1059 1515 1132 1591; x_wconf 82' lang='lat' dir='ltr'>scio,</span> 
     </span>
     <span class='ocr_line' id='line_1_6' title="bbox 180 1609 1169 1688; baseline 0.001 -20"><span class='ocrx_word' id='word_1_23' title='bbox 180 1627 245 1685; x_wconf 87' lang='lat' dir='ltr'>nec,</span> <span class='ocrx_word' id='word_1_24' title='bbox 266 1618 294 1670; x_wconf 90' lang='lat' dir='ltr'>si</span> <span class='ocrx_word' id='word_1_25' title='bbox 315 1609 420 1684; x_wconf 87' lang='lat' dir='ltr'>sciam,</span> <span class='ocrx_word' id='word_1_26' title='bbox 439 1610 542 1670; x_wconf 78' lang='lat' dir='ltr'>dicere</span> <span class='ocrx_word' id='word_1_27' title='bbox 562 1610 673 1686; x_wconf 80' lang='lat' dir='ltr'>ausim,</span> <span class='ocrx_word' id='word_1_28' title='bbox 693 1610 810 1688; x_wconf 89' lang='lat' dir='ltr'>quippe</span> <span class='ocrx_word' id='word_1_29' title='bbox 831 1620 978 1687; x_wconf 86' lang='lat' dir='ltr'>quicum</span> <span class='ocrx_word' id='word_1_30' title='bbox 995 1617 1132 1671; x_wconf 88' lang='lat' dir='ltr'>veterem</span> <span class='ocrx_word' id='word_1_31' title='bbox 1154 1624 1169 1669; x_wconf 80' lang='lat'>2</span> 
     </span>
     <span class='ocr_line' id='line_1_7' title="bbox 180 1706 1133 1785; baseline 0.002 -20"><span class='ocrx_word' id='word_1_32' title='bbox 180 1711 247 1765; x_wconf 87' lang='lat' dir='ltr'>tum</span> <span class='ocrx_word' id='word_1_33' title='bbox 275 1706 436 1781; x_wconf 70' lang='lat' dir='ltr'>vulgatam</span> <span class='ocrx_word' id='word_1_34' title='bbox 464 1724 532 1767; x_wconf 90' lang='lat' dir='ltr'>esse</span> <span class='ocrx_word' id='word_1_35' title='bbox 559 1726 624 1766; x_wconf 88' lang='lat' dir='ltr'>rem</span> <span class='ocrx_word' id='word_1_36' title='bbox 652 1706 785 1782; x_wconf 87' lang='lat' dir='ltr'>videam,</span> <span class='ocrx_word' id='word_1_37' title='bbox 807 1707 882 1766; x_wconf 87' lang='lat' dir='ltr'>dum</span> <span class='ocrx_word' id='word_1_38' title='bbox 909 1717 984 1768; x_wconf 86' lang='lat' dir='ltr'>novi</span> <span class='ocrx_word' id='word_1_39' title='bbox 1011 1726 1133 1785; x_wconf 88' lang='lat' dir='ltr'>semper</span> 
     </span>
     <span class='ocr_line' id='line_1_8' title="bbox 181 1794 1133 1881; baseline 0.002 -19"><span class='ocrx_word' id='word_1_40' title='bbox 181 1794 350 1880; x_wconf 84' lang='lat' dir='ltr'>scriptores</span> <span class='ocrx_word' id='word_1_41' title='bbox 372 1802 484 1864; x_wconf 80' lang='lat' dir='ltr'>autin</span> <span class='ocrx_word' id='word_1_42' title='bbox 506 1804 598 1864; x_wconf 84' lang='lat' dir='ltr'>rebus</span> <span class='ocrx_word' id='word_1_43' title='bbox 620 1804 736 1865; x_wconf 86' lang='lat' dir='ltr'>certius</span> <span class='ocrx_word' id='word_1_44' title='bbox 764 1803 886 1881; x_wconf 83' lang='lat' dir='ltr'>aliquid</span> <span class='ocrx_word' id='word_1_45' title='bbox 913 1803 1074 1866; x_wconf 72' lang='lat' dir='ltr'>adlaturos</span> <span class='ocrx_word' id='word_1_46' title='bbox 1099 1815 1133 1865; x_wconf 88' lang='lat' dir='ltr'>se</span> 
     </span>
     <span class='ocr_line' id='line_1_9' title="bbox 180 1899 1133 1979; baseline 0.001 -21"><span class='ocrx_word' id='word_1_47' title='bbox 180 1904 235 1960; x_wconf 85' lang='lat' dir='ltr'>eut</span> <span class='ocrx_word' id='word_1_48' title='bbox 254 1899 412 1960; x_wconf 86' lang='lat' dir='ltr'>scribendi</span> <span class='ocrx_word' id='word_1_49' title='bbox 430 1905 497 1959; x_wconf 86' lang='lat' dir='ltr'>arte</span> <span class='ocrx_word' id='word_1_50' title='bbox 515 1900 625 1959; x_wconf 86' lang='lat' dir='ltr'>rudem</span> <span class='ocrx_word' id='word_1_51' title='bbox 643 1906 834 1961; x_wconf 71' lang='lat' dir='ltr'>vetustatem</span> <span class='ocrx_word' id='word_1_52' title='bbox 853 1907 1052 1979; x_wconf 69' lang='lat' dir='ltr'>superaturos</span> <span class='ocrx_word' id='word_1_53' title='bbox 1072 1911 1133 1960; x_wconf 78' lang='lat' dir='ltr'>cre</span> 
     </span>
     <span class='ocr_line' id='line_1_10' title="bbox 180 1995 1168 2073; baseline 0.005 -19"><span class='ocrx_word' id='word_1_54' title='bbox 180 1996 267 2056; x_wconf 87' lang='lat' dir='ltr'>dunt.</span> <span class='ocrx_word' id='word_1_55' title='bbox 309 1998 490 2073; x_wconf 76' lang='lat' dir='ltr'>Utcumque</span> <span class='ocrx_word' id='word_1_56' title='bbox 506 1996 576 2071; x_wconf 87' lang='lat' dir='ltr'>erit,</span> <span class='ocrx_word' id='word_1_57' title='bbox 591 1995 714 2057; x_wconf 69' lang='lat' dir='ltr'>iuvabit</span> <span class='ocrx_word' id='word_1_58' title='bbox 729 2003 836 2056; x_wconf 83' lang='lat' dir='ltr'>tamen</span> <span class='ocrx_word' id='word_1_59' title='bbox 853 2006 957 2056; x_wconf 85' lang='lat' dir='ltr'>rerum</span> <span class='ocrx_word' id='word_1_60' title='bbox 974 2004 1132 2072; x_wconf 70' lang='lat' dir='ltr'>gestarum</span> <span class='ocrx_word' id='word_1_61' title='bbox 1153 2014 1168 2059; x_wconf 85' lang='lat' dir='ltr'>s</span> 
     </span>
     <span class='ocr_line' id='line_1_11' title="bbox 180 2092 1132 2172; baseline 0.004 -21"><span class='ocrx_word' id='word_1_62' title='bbox 180 2093 347 2153; x_wconf 85' lang='lat' dir='ltr'>memoriae</span> <span class='ocrx_word' id='word_1_63' title='bbox 367 2092 520 2171; x_wconf 88' lang='lat' dir='ltr'>principis</span> <span class='ocrx_word' id='word_1_64' title='bbox 545 2099 698 2153; x_wconf 77' lang='lat' dir='ltr'>terrerum</span> <span class='ocrx_word' id='word_1_65' title='bbox 722 2094 832 2171; x_wconf 86' lang='lat' dir='ltr'>populi</span> <span class='ocrx_word' id='word_1_66' title='bbox 854 2103 912 2171; x_wconf 83' lang='lat' dir='ltr'>pro</span> <span class='ocrx_word' id='word_1_67' title='bbox 932 2093 1019 2153; x_wconf 84' lang='lat' dir='ltr'>virili</span> <span class='ocrx_word' id='word_1_68' title='bbox 1043 2101 1132 2172; x_wconf 84' lang='lat' dir='ltr'>perte</span> 
     </span>
     <span class='ocr_line' id='line_1_12' title="bbox 180 2189 1133 2268; baseline 0.002 -19"><span class='ocrx_word' id='word_1_69' title='bbox 180 2195 212 2250; x_wconf 90' lang='lat' dir='ltr'>et</span> <span class='ocrx_word' id='word_1_70' title='bbox 226 2189 330 2267; x_wconf 93' lang='lat' dir='ltr'>ipsum</span> <span class='ocrx_word' id='word_1_71' title='bbox 344 2189 553 2265; x_wconf 86' lang='lat' dir='ltr'>consuluisse;</span> <span class='ocrx_word' id='word_1_72' title='bbox 577 2196 608 2249; x_wconf 89' lang='lat' dir='ltr'>et</span> <span class='ocrx_word' id='word_1_73' title='bbox 625 2199 653 2250; x_wconf 84' lang='lat' dir='ltr'>si</span> <span class='ocrx_word' id='word_1_74' title='bbox 671 2190 704 2249; x_wconf 92' lang='lat' dir='ltr'>in</span> <span class='ocrx_word' id='word_1_75' title='bbox 723 2196 813 2250; x_wconf 80' lang='lat' dir='ltr'>tante</span> <span class='ocrx_word' id='word_1_76' title='bbox 833 2196 1021 2268; x_wconf 85' lang='lat' dir='ltr'>scriptorum</span> <span class='ocrx_word' id='word_1_77' title='bbox 1040 2191 1133 2251; x_wconf 73' lang='lat' dir='ltr'>turbe</span> 
     </span>
     <span class='ocr_line' id='line_1_13' title="bbox 179 2286 1132 2362; baseline 0.003 -18"><span class='ocrx_word' id='word_1_78' title='bbox 179 2304 250 2347; x_wconf 83' lang='lat' dir='ltr'>mec</span> <span class='ocrx_word' id='word_1_79' title='bbox 276 2286 363 2346; x_wconf 77' lang='lat' dir='ltr'>sema</span> <span class='ocrx_word' id='word_1_80' title='bbox 386 2286 420 2345; x_wconf 93' lang='lat' dir='ltr'>in</span> <span class='ocrx_word' id='word_1_81' title='bbox 444 2287 575 2347; x_wconf 85' lang='lat' dir='ltr'>obscuro</span> <span class='ocrx_word' id='word_1_82' title='bbox 598 2286 649 2362; x_wconf 87' lang='lat' dir='ltr'>sit,</span> <span class='ocrx_word' id='word_1_83' title='bbox 671 2286 835 2346; x_wconf 72' lang='lat' dir='ltr'>nobilitate</span> <span class='ocrx_word' id='word_1_84' title='bbox 856 2305 892 2346; x_wconf 85' lang='lat' dir='ltr'>ae</span> <span class='ocrx_word' id='word_1_85' title='bbox 916 2287 1132 2362; x_wconf 72' lang='lat' dir='ltr'>magnitudine</span> 
     </span>
     <span class='ocr_line' id='line_1_14' title="bbox 180 2382 1168 2460; baseline 0.002 -18"><span class='ocrx_word' id='word_1_86' title='bbox 180 2393 286 2443; x_wconf 85' lang='lat' dir='ltr'>eorum</span> <span class='ocrx_word' id='word_1_87' title='bbox 314 2393 373 2459; x_wconf 81' lang='lat' dir='ltr'>me,</span> <span class='ocrx_word' id='word_1_88' title='bbox 395 2392 451 2460; x_wconf 90' lang='lat' dir='ltr'>qui</span> <span class='ocrx_word' id='word_1_89' title='bbox 471 2384 592 2443; x_wconf 83' lang='lat' dir='ltr'>nomini</span> <span class='ocrx_word' id='word_1_90' title='bbox 612 2382 748 2442; x_wconf 89' lang='lat' dir='ltr'>officient</span> <span class='ocrx_word' id='word_1_91' title='bbox 769 2393 847 2457; x_wconf 80' lang='lat' dir='ltr'>mee,</span> <span class='ocrx_word' id='word_1_92' title='bbox 869 2384 1017 2444; x_wconf 82' lang='lat' dir='ltr'>consoler.</span> <span class='ocrx_word' id='word_1_93' title='bbox 1067 2386 1132 2444; x_wconf 83' lang='lat' dir='ltr'>Res</span> <span class='ocrx_word' id='word_1_94' title='bbox 1153 2400 1168 2444; x_wconf 82' lang='lat'>4</span> 
     </span>
     <span class='ocr_line' id='line_1_15' title="bbox 180 2479 1133 2558; baseline 0.001 -19"><span class='ocrx_word' id='word_1_95' title='bbox 180 2487 228 2540; x_wconf 89' lang='lat' dir='ltr'>est</span> <span class='ocrx_word' id='word_1_96' title='bbox 248 2486 410 2558; x_wconf 74' lang='lat' dir='ltr'>praeterea</span> <span class='ocrx_word' id='word_1_97' title='bbox 430 2485 462 2541; x_wconf 91' lang='lat' dir='ltr'>et</span> <span class='ocrx_word' id='word_1_98' title='bbox 486 2479 632 2539; x_wconf 77' lang='lat' dir='ltr'>immensi</span> <span class='ocrx_word' id='word_1_99' title='bbox 652 2479 765 2557; x_wconf 88' lang='lat' dir='ltr'>operis,</span> <span class='ocrx_word' id='word_1_100' title='bbox 787 2486 823 2539; x_wconf 85' lang='lat' dir='ltr'>ut</span> <span class='ocrx_word' id='word_1_101' title='bbox 846 2498 926 2556; x_wconf 87' lang='lat' dir='ltr'>quse</span> <span class='ocrx_word' id='word_1_102' title='bbox 950 2490 1045 2557; x_wconf 75' lang='lat' dir='ltr'>supre</span> <span class='ocrx_word' id='word_1_103' title='bbox 1066 2500 1133 2558; x_wconf 85' lang='lat' dir='ltr'>sep</span> 
     </span>
     <span class='ocr_line' id='line_1_16' title="bbox 179 2576 1131 2653; baseline 0.002 -18"><span class='ocrx_word' id='word_1_104' title='bbox 179 2576 437 2651; x_wconf 84' lang='lat' dir='ltr'>tingentesimum</span> <span class='ocrx_word' id='word_1_105' title='bbox 460 2595 577 2636; x_wconf 86' lang='lat' dir='ltr'>annum</span> <span class='ocrx_word' id='word_1_106' title='bbox 600 2582 768 2653; x_wconf 78' lang='lat' dir='ltr'>repetetur,</span> <span class='ocrx_word' id='word_1_107' title='bbox 791 2582 824 2635; x_wconf 89' lang='lat' dir='ltr'>et</span> <span class='ocrx_word' id='word_1_108' title='bbox 845 2594 926 2652; x_wconf 86' lang='lat' dir='ltr'>queo</span> <span class='ocrx_word' id='word_1_109' title='bbox 950 2576 988 2636; x_wconf 86' lang='lat' dir='ltr'>ab</span> <span class='ocrx_word' id='word_1_110' title='bbox 1011 2577 1131 2652; x_wconf 85' lang='lat' dir='ltr'>exiguis</span> 
     </span>
     <span class='ocr_line' id='line_1_17' title="bbox 180 2672 1132 2750; baseline 0.002 -19"><span class='ocrx_word' id='word_1_111' title='bbox 180 2672 324 2750; x_wconf 83' lang='lat' dir='ltr'>proiecte</span> <span class='ocrx_word' id='word_1_112' title='bbox 337 2672 438 2733; x_wconf 84' lang='lat' dir='ltr'>initiis</span> <span class='ocrx_word' id='word_1_113' title='bbox 449 2681 486 2733; x_wconf 85' lang='lat' dir='ltr'>eo</span> <span class='ocrx_word' id='word_1_114' title='bbox 500 2672 641 2746; x_wconf 79' lang='lat' dir='ltr'>creverit,</span> <span class='ocrx_word' id='word_1_115' title='bbox 653 2678 690 2731; x_wconf 88' lang='lat' dir='ltr'>ut</span> <span class='ocrx_word' id='word_1_116' title='bbox 704 2672 766 2731; x_wconf 89' lang='lat' dir='ltr'>iem</span> <span class='ocrx_word' id='word_1_117' title='bbox 781 2672 997 2747; x_wconf 73' lang='lat' dir='ltr'>magnitudine</span> <span class='ocrx_word' id='word_1_118' title='bbox 1012 2673 1132 2733; x_wconf 84' lang='lat' dir='ltr'>laboret</span> 
     </span>
    </p>
   </div>
   <div class='ocr_carea' id='block_1_4' title="bbox 182 2768 1132 2847">
    <p class='ocr_par' dir='ltr' id='par_1_4' title="bbox 182 2768 1132 2847">
     <span class='ocr_line' id='line_1_18' title="bbox 182 2768 1132 2847; baseline 0.002 -19"><span class='ocrx_word' id='word_1_119' title='bbox 182 2778 254 2844; x_wconf 76' lang='lat' dir='ltr'>sue;</span> <span class='ocrx_word' id='word_1_120' title='bbox 277 2775 309 2828; x_wconf 88' lang='lat' dir='ltr'>et</span> <span class='ocrx_word' id='word_1_121' title='bbox 322 2769 493 2844; x_wconf 87' lang='lat' dir='ltr'>legentium</span> <span class='ocrx_word' id='word_1_122' title='bbox 514 2769 671 2847; x_wconf 79' lang='lat' dir='ltr'>plerisque</span> <span class='ocrx_word' id='word_1_123' title='bbox 690 2768 776 2828; x_wconf 85' lang='lat' dir='ltr'>haud</span> <span class='ocrx_word' id='word_1_124' title='bbox 794 2769 905 2829; x_wconf 82' lang='lat' dir='ltr'>dubito</span> <span class='ocrx_word' id='word_1_125' title='bbox 923 2778 1000 2845; x_wconf 79' lang='lat' dir='ltr'>quin</span> <span class='ocrx_word' id='word_1_126' title='bbox 1014 2778 1132 2846; x_wconf 87' lang='lat' dir='ltr'>primae</span> 
     </span>
    </p>
   </div>
   <div class='ocr_carea' id='block_1_5' title="bbox 181 2916 1186 3649">
    <p class='ocr_par' dir='ltr' id='par_1_5' title="bbox 181 2916 1183 3100">
     <span class='ocr_line' id='line_1_19' title="bbox 211 2916 1183 2976; baseline 0.002 -13"><span class='ocrx_word' id='word_1_127' title='bbox 211 2916 418 2975; x_wconf 59' lang='lat' dir='ltr'>„1-5.1&gt;ifficu1ty</span> <span class='ocrx_word' id='word_1_128' title='bbox 433 2916 484 2963; x_wconf 81' lang='lat' dir='ltr'>end</span> <span class='ocrx_word' id='word_1_129' title='bbox 499 2929 608 2975; x_wconf 85' lang='lat' dir='ltr'>purpose</span> <span class='ocrx_word' id='word_1_130' title='bbox 623 2917 651 2962; x_wconf 84' lang='lat' dir='ltr'>oi</span> <span class='ocrx_word' id='word_1_131' title='bbox 666 2917 709 2964; x_wconf 87' lang='lat' dir='ltr'>the</span> <span class='ocrx_word' id='word_1_132' title='bbox 719 2917 807 2974; x_wconf 61' lang='lat' dir='ltr'>werlu</span> <span class='ocrx_word' id='word_1_133' title='bbox 827 2918 878 2962; x_wconf 85' lang='lat'>6-9.</span> <span class='ocrx_word' id='word_1_134' title='bbox 894 2917 1035 2976; x_wconf 77' lang='lat' dir='ltr'>legendary</span> <span class='ocrx_word' id='word_1_135' title='bbox 1049 2918 1183 2965; x_wconf 72' lang='lat' dir='ltr'>character</span> 
     </span>
     <span class='ocr_line' id='line_1_20' title="bbox 181 2983 1183 3044; baseline 0.002 -14"><span class='ocrx_word' id='word_1_136' title='bbox 181 2985 209 3030; x_wconf 81' lang='lat' dir='ltr'>of</span> <span class='ocrx_word' id='word_1_137' title='bbox 219 2984 292 3044; x_wconf 82' lang='lat' dir='ltr'>early</span> <span class='ocrx_word' id='word_1_138' title='bbox 302 2985 415 3044; x_wconf 81' lang='lat' dir='ltr'>history;</span> <span class='ocrx_word' id='word_1_139' title='bbox 432 2985 513 3030; x_wconf 86' lang='grc'><strong>10-13.</strong></span> <span class='ocrx_word' id='word_1_140' title='bbox 529 2983 605 3032; x_wconf 83' lang='lat' dir='ltr'>velue</span> <span class='ocrx_word' id='word_1_141' title='bbox 615 2985 643 3030; x_wconf 80' lang='lat' dir='ltr'>ot</span> <span class='ocrx_word' id='word_1_142' title='bbox 658 2984 792 3031; x_wconf 83' lang='lat' dir='ltr'>historice]</span> <span class='ocrx_word' id='word_1_143' title='bbox 802 2985 881 3043; x_wconf 81' lang='lat' dir='ltr'>study</span> <span class='ocrx_word' id='word_1_144' title='bbox 891 2985 942 3031; x_wconf 76' lang='lat' dir='ltr'>end</span> <span class='ocrx_word' id='word_1_145' title='bbox 954 2984 1065 3032; x_wconf 84' lang='lat' dir='ltr'>writer’s</span> <span class='ocrx_word' id='word_1_146' title='bbox 1079 2986 1145 3043; x_wconf 85' lang='lat' dir='ltr'>hope</span> <span class='ocrx_word' id='word_1_147' title='bbox 1155 2987 1183 3032; x_wconf 82' lang='lat' dir='ltr'>of</span> 
     </span>
     <span class='ocr_line' id='line_1_21' title="bbox 181 3064 289 3100; baseline -0.009 -1"><span class='ocrx_word' id='word_1_148' title='bbox 181 3064 289 3100; x_wconf 79' lang='lat' dir='ltr'>esocem.</span> 
     </span>
    </p>

    <p class='ocr_par' dir='ltr' id='par_1_6' title="bbox 182 3116 1186 3586">
     <span class='ocr_line' id='line_1_22' title="bbox 220 3116 1184 3167; baseline 0.001 -1"><span class='ocrx_word' id='word_1_149' title='bbox 220 3122 241 3166; x_wconf 95' lang='lat'>1.</span> <span class='ocrx_word' id='word_1_150' title='bbox 257 3118 425 3167; x_wconf 72' lang='lat' dir='ltr'>rectinere</span> <span class='ocrx_word' id='word_1_151' title='bbox 437 3153 442 3164; x_wconf 94' lang='lat'>.</span> <span class='ocrx_word' id='word_1_152' title='bbox 456 3152 462 3164; x_wconf 91' lang='lat'>.</span> <span class='ocrx_word' id='word_1_153' title='bbox 475 3153 481 3165; x_wconf 88' lang='lat'><strong>.</strong></span> <span class='ocrx_word' id='word_1_154' title='bbox 492 3116 557 3166; x_wconf 83' lang='lat' dir='ltr'>sim:</span> <span class='ocrx_word' id='word_1_155' title='bbox 573 3119 713 3166; x_wconf 79' lang='lat' dir='ltr'>whetherI</span> <span class='ocrx_word' id='word_1_156' title='bbox 724 3119 793 3166; x_wconf 81' lang='lat' dir='ltr'><em>shall</em></span> <span class='ocrx_word' id='word_1_157' title='bbox 807 3119 883 3166; x_wconf 79' lang='lat' dir='ltr'>make</span> <span class='ocrx_word' id='word_1_158' title='bbox 893 3121 915 3167; x_wconf 78' lang='lat' dir='ltr'>it</span> <span class='ocrx_word' id='word_1_159' title='bbox 924 3120 1005 3167; x_wconf 78' lang='lat' dir='ltr'>worth</span> <span class='ocrx_word' id='word_1_160' title='bbox 1020 3120 1061 3166; x_wconf 81' lang='lat' dir='ltr'>the</span> <span class='ocrx_word' id='word_1_161' title='bbox 1070 3121 1145 3167; x_wconf 78' lang='lat' dir='ltr'>while</span> <span class='ocrx_word' id='word_1_162' title='bbox 1156 3121 1184 3167; x_wconf 82' lang='lat' dir='ltr'>of</span> 
     </span>
     <span class='ocr_line' id='line_1_23' title="bbox 182 3187 1183 3248; baseline 0.003 -15"><span class='ocrx_word' id='word_1_163' title='bbox 182 3188 276 3247; x_wconf 81' lang='lat' dir='ltr'>myseli</span> <span class='ocrx_word' id='word_1_164' title='bbox 294 3188 345 3235; x_wconf 84' lang='lat' dir='ltr'>end</span> <span class='ocrx_word' id='word_1_165' title='bbox 363 3201 407 3247; x_wconf 81' lang='lat' dir='ltr'>my</span> <span class='ocrx_word' id='word_1_166' title='bbox 425 3187 527 3235; x_wconf 77' lang='lat' dir='ltr'>readers</span> <span class='ocrx_word' id='word_1_167' title='bbox 542 3187 569 3233; x_wconf 88' lang='lat' dir='ltr'>in</span> <span class='ocrx_word' id='word_1_168' title='bbox 584 3187 690 3246; x_wconf 83' lang='lat' dir='ltr'>writing</span> <span class='ocrx_word' id='word_1_169' title='bbox 706 3188 751 3233; x_wconf 86' lang='lat' dir='ltr'>the</span> <span class='ocrx_word' id='word_1_170' title='bbox 769 3187 840 3246; x_wconf 81' lang='lat' dir='ltr'>early</span> <span class='ocrx_word' id='word_1_171' title='bbox 855 3188 955 3248; x_wconf 85' lang='lat' dir='ltr'>history</span> <span class='ocrx_word' id='word_1_172' title='bbox 970 3189 998 3235; x_wconf 82' lang='lat' dir='ltr'>of</span> <span class='ocrx_word' id='word_1_173' title='bbox 1012 3188 1100 3235; x_wconf 87' lang='lat' dir='ltr'>Rome.</span> <span class='ocrx_word' id='word_1_174' title='bbox 1130 3189 1183 3236; x_wconf 86' lang='lat' dir='ltr'>The</span> 
     </span>
     <span class='ocr_line' id='line_1_24' title="bbox 182 3253 1182 3314; baseline 0 -11"><span class='ocrx_word' id='word_1_175' title='bbox 182 3256 267 3303; x_wconf 84' lang='lat' dir='ltr'>words</span> <span class='ocrx_word' id='word_1_176' title='bbox 284 3257 351 3303; x_wconf 77' lang='lat' dir='ltr'>torm</span> <span class='ocrx_word' id='word_1_177' title='bbox 368 3260 428 3314; x_wconf 77' lang='lat' dir='ltr'>pert</span> <span class='ocrx_word' id='word_1_178' title='bbox 448 3256 476 3302; x_wconf 79' lang='lat' dir='ltr'>oi</span> <span class='ocrx_word' id='word_1_179' title='bbox 496 3268 512 3302; x_wconf 84' lang='lat' dir='ltr'>s</span> <span class='ocrx_word' id='word_1_180' title='bbox 531 3256 687 3302; x_wconf 83' lang='lat' dir='ltr'>hexameter.</span> <span class='ocrx_word' id='word_1_181' title='bbox 722 3257 745 3301; x_wconf 81' lang='lat'>2.</span> <span class='ocrx_word' id='word_1_182' title='bbox 766 3253 843 3301; x_wconf 86' lang='lat' dir='ltr'>dum:</span> <span class='ocrx_word' id='word_1_183' title='bbox 865 3254 1123 3303; x_wconf 71' lang='lat' dir='ltr'>because-certius</span> <span class='ocrx_word' id='word_1_184' title='bbox 1143 3266 1182 3302; x_wconf 64' lang='grc' dir='ltr'>ιε</span> 
     </span>
     <span class='ocr_line' id='line_1_25' title="bbox 182 3320 1183 3383; baseline 0 -13"><span class='ocrx_word' id='word_1_185' title='bbox 182 3329 285 3383; x_wconf 78' lang='lat' dir='ltr'>preater</span> <span class='ocrx_word' id='word_1_186' title='bbox 299 3328 439 3370; x_wconf 76' lang='lat' dir='ltr'>esactneee.</span> <span class='ocrx_word' id='word_1_187' title='bbox 470 3324 492 3369; x_wconf 84' lang='lat'>3.</span> <span class='ocrx_word' id='word_1_188' title='bbox 508 3320 667 3370; x_wconf 65' lang='lat' dir='ltr'>memoriae:</span> <span class='ocrx_word' id='word_1_189' title='bbox 683 3323 738 3369; x_wconf 82' lang='lat' dir='ltr'>det.</span> <span class='ocrx_word' id='word_1_190' title='bbox 754 3323 818 3369; x_wconf 85' lang='lat' dir='ltr'>with</span> <span class='ocrx_word' id='word_1_191' title='bbox 834 3323 1088 3382; x_wconf 65' lang='lat' dir='ltr'>occuluisse-pro</span> <span class='ocrx_word' id='word_1_192' title='bbox 1103 3335 1130 3370; x_wconf 83' lang='lat' dir='ltr'>v.</span> <span class='ocrx_word' id='word_1_193' title='bbox 1141 3334 1183 3382; x_wconf 90' lang='lat' dir='ltr'>p.:</span> 
     </span>
     <span class='ocr_line' id='line_1_26' title="bbox 183 3388 1183 3449; baseline -0.001 -12"><span class='ocrx_word' id='word_1_194' title='bbox 183 3396 207 3437; x_wconf 80' lang='lat' dir='ltr'>to</span> <span class='ocrx_word' id='word_1_195' title='bbox 215 3391 257 3439; x_wconf 77' lang='lat' dir='ltr'>tte</span> <span class='ocrx_word' id='word_1_196' title='bbox 266 3391 318 3439; x_wconf 84' lang='lat' dir='ltr'>hcet</span> <span class='ocrx_word' id='word_1_197' title='bbox 326 3390 356 3447; x_wconf 88' lang='lat' dir='ltr'>of</span> <span class='ocrx_word' id='word_1_198' title='bbox 363 3403 407 3449; x_wconf 73' lang='lat' dir='ltr'>mg</span> <span class='ocrx_word' id='word_1_199' title='bbox 416 3391 516 3448; x_wconf 69' lang='lat' dir='ltr'>chilim.</span> <span class='ocrx_word' id='word_1_200' title='bbox 524 3392 586 3438; x_wconf 80' lang='lat' dir='ltr'>-et</span> <span class='ocrx_word' id='word_1_201' title='bbox 595 3388 647 3448; x_wconf 75' lang='lat' dir='ltr'>ip:</span> <span class='ocrx_word' id='word_1_202' title='bbox 664 3403 693 3437; x_wconf 84' lang='lat' dir='ltr'>as</span> <span class='ocrx_word' id='word_1_203' title='bbox 700 3391 759 3438; x_wconf 86' lang='lat' dir='ltr'>well</span> <span class='ocrx_word' id='word_1_204' title='bbox 769 3388 970 3437; x_wconf 72' lang='lat' dir='ltr'>cresbere—in</span> <span class='ocrx_word' id='word_1_205' title='bbox 981 3389 1036 3438; x_wconf 81' lang='lat' dir='ltr'>oh:</span> <span class='ocrx_word' id='word_1_206' title='bbox 1053 3392 1183 3438; x_wconf 78' lang='lat' dir='ltr'>obecured.</span> 
     </span>
     <span class='ocr_line' id='line_1_27' title="bbox 182 3456 1186 3516; baseline 0 -11"><span class='ocrx_word' id='word_1_207' title='bbox 182 3461 205 3505; x_wconf 83' lang='lat'>4.</span> <span class='ocrx_word' id='word_1_208' title='bbox 221 3460 249 3506; x_wconf 74' lang='lat' dir='ltr'>et</span> <span class='ocrx_word' id='word_1_209' title='bbox 263 3456 295 3505; x_wconf 86' lang='lat' dir='ltr'>i.:</span> <span class='ocrx_word' id='word_1_210' title='bbox 312 3459 356 3505; x_wconf 88' lang='lat' dir='ltr'>the</span> <span class='ocrx_word' id='word_1_211' title='bbox 366 3464 391 3505; x_wconf 76' lang='lat' dir='ltr'>ei</span> <span class='ocrx_word' id='word_1_212' title='bbox 401 3459 566 3516; x_wconf 88' lang='lat' dir='ltr'>corresponds</span> <span class='ocrx_word' id='word_1_213' title='bbox 576 3459 640 3504; x_wconf 87' lang='lat' dir='ltr'>with</span> <span class='ocrx_word' id='word_1_214' title='bbox 650 3459 694 3504; x_wconf 88' lang='lat' dir='ltr'>the</span> <span class='ocrx_word' id='word_1_215' title='bbox 704 3463 729 3504; x_wconf 81' lang='lat' dir='ltr'>et</span> <span class='ocrx_word' id='word_1_216' title='bbox 742 3459 831 3505; x_wconf 81' lang='lat' dir='ltr'>before</span> <span class='ocrx_word' id='word_1_217' title='bbox 846 3459 994 3516; x_wconf 72' lang='lat' dir='ltr'>legentium,</span> <span class='ocrx_word' id='word_1_218' title='bbox 1006 3461 1053 3506; x_wconf 88' lang='lat' dir='ltr'>but</span> <span class='ocrx_word' id='word_1_219' title='bbox 1068 3460 1112 3505; x_wconf 90' lang='lat' dir='ltr'>the</span> <span class='ocrx_word' id='word_1_220' title='bbox 1127 3473 1186 3506; x_wconf 84' lang='lat' dir='ltr'>con·</span> 
     </span>
     <span class='ocr_line' id='line_1_28' title="bbox 183 3523 1185 3586; baseline 0.002 -13"><span class='ocrx_word' id='word_1_221' title='bbox 183 3526 512 3586; x_wconf 79' lang='lat' dir='ltr'>structionchenges.-ut</span> <span class='ocrx_word' id='word_1_222' title='bbox 522 3537 561 3585; x_wconf 85' lang='lat' dir='ltr'>q.:</span> <span class='ocrx_word' id='word_1_223' title='bbox 579 3523 898 3585; x_wconf 69' lang='lat' dir='ltr'>became—legentium:</span> <span class='ocrx_word' id='word_1_224' title='bbox 915 3528 1034 3585; x_wconf 69' lang='lat' dir='ltr'>residem</span> <span class='ocrx_word' id='word_1_225' title='bbox 1050 3527 1185 3586; x_wconf 79' lang='lat' dir='ltr'>participle</span> 
     </span>
    </p>

    <p class='ocr_par' dir='ltr' id='par_1_7' title="bbox 346 3600 689 3649">
     <span class='ocr_line' id='line_1_29' title="bbox 346 3600 689 3649; baseline -0.003 0"><span class='ocrx_word' id='word_1_226' title='bbox 346 3614 365 3649; x_wconf 80' lang='lat' dir='ltr'>n</span> <span class='ocrx_word' id='word_1_227' title='bbox 675 3600 689 3648; x_wconf 95' lang='lat'>1</span> 
     </span>
    </p>
   </div>
   <div class='ocr_carea' id='block_1_6' title="bbox 0 0 1428 4117">
    <p class='ocr_par' dir='ltr' id='par_1_8' title="bbox 0 0 1428 4117">
     <span class='ocr_line' id='line_1_30' title="bbox 0 0 1428 4117; baseline 0 0"><span class='ocrx_word' id='word_1_228' title='bbox 0 0 1428 4117; x_wconf 95' lang='lat' dir='ltr'> </span> 
     </span>
    </p>
   </div>
  </div>
 </body>
</html>
