<?xml version="1.0" encoding="UTF-8"?>
<!DOCTYPE html PUBLIC "-//W3C//DTD XHTML 1.0 Transitional//EN"
    "http://www.w3.org/TR/xhtml1/DTD/xhtml1-transitional.dtd">
<html xmlns="http://www.w3.org/1999/xhtml" xml:lang="en" lang="en">
 <head>
  <title>
</title>
<meta http-equiv="Content-Type" content="text/html;charset=utf-8" />
  <meta name='ocr-system' content='tesseract 3.04.00' />
  <meta name='ocr-capabilities' content='ocr_page ocr_carea ocr_par ocr_line ocrx_word'/>
</head>
<body>
  <div class='ocr_page' id='page_1' title='image "./livybooki01lordgoog_0013.png"; bbox 0 0 2834 4117; ppageno 0'>
   <div class='ocr_carea' id='block_1_1' title="bbox 574 316 1150 382">
    <p class='ocr_par' dir='ltr' id='par_1_1' title="bbox 574 316 1150 382">
     <span class='ocr_line' id='line_1_1' title="bbox 574 316 1150 382; baseline -0.002 -9"><span class='ocrx_word' id='word_1_1' title='bbox 574 324 686 375; x_wconf 82' lang='lat' dir='ltr'><strong>LIBER</strong></span> <span class='ocrx_word' id='word_1_2' title='bbox 709 323 724 373; x_wconf 92' lang='lat'>1</span> <span class='ocrx_word' id='word_1_3' title='bbox 1128 316 1150 382; x_wconf 83' lang='grc'><strong>5</strong></span> 
     </span>
    </p>
   </div>
   <div class='ocr_carea' id='block_1_2' title="bbox 35 497 1152 3092">
    <p class='ocr_par' dir='ltr' id='par_1_2' title="bbox 146 497 1135 964">
     <span class='ocr_line' id='line_1_2' title="bbox 146 497 1100 576; baseline 0.002 -18"><span class='ocrx_word' id='word_1_4' title='bbox 146 499 221 558; x_wconf 92' lang='lat' dir='ltr'>inde</span> <span class='ocrx_word' id='word_1_5' title='bbox 234 498 269 557; x_wconf 93' lang='lat' dir='ltr'>in</span> <span class='ocrx_word' id='word_1_6' title='bbox 283 497 422 558; x_wconf 85' lang='lat' dir='ltr'>Siciliam</span> <span class='ocrx_word' id='word_1_7' title='bbox 442 504 642 576; x_wconf 79' lang='lat' dir='ltr'>quaerentem</span> <span class='ocrx_word' id='word_1_8' title='bbox 662 499 751 559; x_wconf 87' lang='lat' dir='ltr'>sedes</span> <span class='ocrx_word' id='word_1_9' title='bbox 771 498 918 575; x_wconf 80' lang='lat' dir='ltr'>deletum,</span> <span class='ocrx_word' id='word_1_10' title='bbox 934 500 973 560; x_wconf 90' lang='lat' dir='ltr'>ab</span> <span class='ocrx_word' id='word_1_11' title='bbox 992 499 1100 560; x_wconf 78' lang='lat' dir='ltr'>Sicilia</span> 
     </span>
     <span class='ocr_line' id='line_1_3' title="bbox 147 595 1135 670; baseline -0.003 -16"><span class='ocrx_word' id='word_1_12' title='bbox 147 596 245 655; x_wconf 87' lang='lat' dir='ltr'>classe</span> <span class='ocrx_word' id='word_1_13' title='bbox 254 595 295 654; x_wconf 90' lang='lat' dir='ltr'>ad</span> <span class='ocrx_word' id='word_1_14' title='bbox 306 596 494 655; x_wconf 80' lang='lat' dir='ltr'>Laurentem</span> <span class='ocrx_word' id='word_1_15' title='bbox 506 614 614 670; x_wconf 86' lang='lat' dir='ltr'>agrum</span> <span class='ocrx_word' id='word_1_16' title='bbox 623 596 770 655; x_wconf 89' lang='lat' dir='ltr'>tenuisse.</span> <span class='ocrx_word' id='word_1_17' title='bbox 803 595 1101 656; x_wconf 83' lang='lat' dir='ltr'>Treiaethuioloce</span> <span class='ocrx_word' id='word_1_18' title='bbox 1120 606 1135 651; x_wconf 84' lang='lat' dir='ltr'>o</span> 
     </span>
     <span class='ocr_line' id='line_1_4' title="bbox 147 691 1100 769; baseline 0.003 -19"><span class='ocrx_word' id='word_1_19' title='bbox 147 701 261 751; x_wconf 86' lang='lat' dir='ltr'>nemen</span> <span class='ocrx_word' id='word_1_20' title='bbox 275 697 331 752; x_wconf 94' lang='lat' dir='ltr'>est.</span> <span class='ocrx_word' id='word_1_21' title='bbox 373 691 424 751; x_wconf 93' lang='lat' dir='ltr'>Ibi</span> <span class='ocrx_word' id='word_1_22' title='bbox 439 701 556 767; x_wconf 84' lang='lat' dir='ltr'>egressi</span> <span class='ocrx_word' id='word_1_23' title='bbox 570 692 707 767; x_wconf 81' lang='lat' dir='ltr'>Treieni,</span> <span class='ocrx_word' id='word_1_24' title='bbox 719 698 755 751; x_wconf 89' lang='lat' dir='ltr'>ut</span> <span class='ocrx_word' id='word_1_25' title='bbox 770 691 883 769; x_wconf 91' lang='lat' dir='ltr'>quibus</span> <span class='ocrx_word' id='word_1_26' title='bbox 898 692 937 752; x_wconf 94' lang='lat' dir='ltr'>ab</span> <span class='ocrx_word' id='word_1_27' title='bbox 957 692 1100 753; x_wconf 82' lang='lat' dir='ltr'>inmense</span> 
     </span>
     <span class='ocr_line' id='line_1_5' title="bbox 147 788 1099 867; baseline 0.002 -20"><span class='ocrx_word' id='word_1_28' title='bbox 147 806 243 866; x_wconf 89' lang='lat' dir='ltr'>prope</span> <span class='ocrx_word' id='word_1_29' title='bbox 253 797 356 847; x_wconf 85' lang='lat' dir='ltr'>errere</span> <span class='ocrx_word' id='word_1_30' title='bbox 364 788 446 847; x_wconf 87' lang='lat' dir='ltr'><strong>nihil</strong></span> <span class='ocrx_word' id='word_1_31' title='bbox 455 788 579 866; x_wconf 83' lang='lat' dir='ltr'>praeter</span> <span class='ocrx_word' id='word_1_32' title='bbox 590 807 676 848; x_wconf 88' lang='lat' dir='ltr'>arma</span> <span class='ocrx_word' id='word_1_33' title='bbox 685 793 718 847; x_wconf 93' lang='lat' dir='ltr'>et</span> <span class='ocrx_word' id='word_1_34' title='bbox 726 797 822 849; x_wconf 79' lang='lat' dir='ltr'>naves</span> <span class='ocrx_word' id='word_1_35' title='bbox 834 796 1019 867; x_wconf 76' lang='lat' dir='ltr'>superesset,</span> <span class='ocrx_word' id='word_1_36' title='bbox 1028 808 1099 849; x_wconf 91' lang='lat' dir='ltr'>cum</span> 
     </span>
     <span class='ocr_line' id='line_1_6' title="bbox 148 885 1099 964; baseline 0.002 -21"><span class='ocrx_word' id='word_1_37' title='bbox 148 885 294 961; x_wconf 91' lang='lat' dir='ltr'>praedam</span> <span class='ocrx_word' id='word_1_38' title='bbox 309 904 348 943; x_wconf 85' lang='lat' dir='ltr'>ex</span> <span class='ocrx_word' id='word_1_39' title='bbox 363 894 445 961; x_wconf 85' lang='lat' dir='ltr'>agris</span> <span class='ocrx_word' id='word_1_40' title='bbox 460 890 598 962; x_wconf 88' lang='lat' dir='ltr'>agerent,</span> <span class='ocrx_word' id='word_1_41' title='bbox 613 886 747 947; x_wconf 89' lang='lat' dir='ltr'>Latinus</span> <span class='ocrx_word' id='word_1_42' title='bbox 766 895 822 945; x_wconf 81' lang='lat' dir='ltr'>rex</span> <span class='ocrx_word' id='word_1_43' title='bbox 840 886 1099 964; x_wconf 77' lang='lat' dir='ltr'>Aboriginesque,</span> 
     </span>
    </p>

    <p class='ocr_par' dir='ltr' id='par_1_3' title="bbox 35 972 1152 3092">
     <span class='ocr_line' id='line_1_7' title="bbox 35 972 1101 1058; baseline 0.004 -19"><span class='ocrx_word' id='word_1_44' title='bbox 35 972 42 981; x_wconf 74' lang='grc'><strong>’</strong></span> <span class='ocrx_word' id='word_1_45' title='bbox 148 990 204 1058; x_wconf 88' lang='lat' dir='ltr'>qui</span> <span class='ocrx_word' id='word_1_46' title='bbox 222 986 288 1040; x_wconf 94' lang='lat' dir='ltr'>tum</span> <span class='ocrx_word' id='word_1_47' title='bbox 314 1000 350 1041; x_wconf 90' lang='lat' dir='ltr'>ea</span> <span class='ocrx_word' id='word_1_48' title='bbox 373 981 523 1042; x_wconf 87' lang='lat' dir='ltr'>tenebant</span> <span class='ocrx_word' id='word_1_49' title='bbox 546 981 622 1056; x_wconf 87' lang='lat' dir='ltr'>loca,</span> <span class='ocrx_word' id='word_1_50' title='bbox 641 982 681 1041; x_wconf 91' lang='lat' dir='ltr'>ad</span> <span class='ocrx_word' id='word_1_51' title='bbox 703 983 869 1041; x_wconf 86' lang='lat' dir='ltr'>arcendam</span> <span class='ocrx_word' id='word_1_52' title='bbox 883 982 947 1041; x_wconf 86' lang='lat' dir='ltr'>vim</span> <span class='ocrx_word' id='word_1_53' title='bbox 969 984 1101 1043; x_wconf 67' lang='lat' dir='ltr'>advene</span> 
     </span>
     <span class='ocr_line' id='line_1_8' title="bbox 147 1079 1136 1158; baseline 0.003 -22"><span class='ocrx_word' id='word_1_54' title='bbox 147 1096 217 1136; x_wconf 92' lang='lat' dir='ltr'>rum</span> <span class='ocrx_word' id='word_1_55' title='bbox 232 1084 346 1137; x_wconf 85' lang='lat' dir='ltr'>armati</span> <span class='ocrx_word' id='word_1_56' title='bbox 364 1096 403 1137; x_wconf 86' lang='lat' dir='ltr'>ex</span> <span class='ocrx_word' id='word_1_57' title='bbox 420 1079 497 1139; x_wconf 91' lang='lat' dir='ltr'>urbe</span> <span class='ocrx_word' id='word_1_58' title='bbox 515 1084 610 1156; x_wconf 87' lang='lat' dir='ltr'>atque</span> <span class='ocrx_word' id='word_1_59' title='bbox 631 1088 715 1155; x_wconf 88' lang='lat' dir='ltr'>agris</span> <span class='ocrx_word' id='word_1_60' title='bbox 736 1085 932 1139; x_wconf 88' lang='lat' dir='ltr'>concurrunt.</span> <span class='ocrx_word' id='word_1_61' title='bbox 974 1079 1100 1158; x_wconf 86' lang='lat' dir='ltr'>Duplex</span> <span class='ocrx_word' id='word_1_62' title='bbox 1121 1094 1136 1139; x_wconf 84' lang='grc'><strong>6</strong></span> 
     </span>
     <span class='ocr_line' id='line_1_9' title="bbox 147 1174 1100 1255; baseline 0.002 -22"><span class='ocrx_word' id='word_1_63' title='bbox 147 1174 220 1233; x_wconf 90' lang='lat' dir='ltr'>inde</span> <span class='ocrx_word' id='word_1_64' title='bbox 247 1174 334 1234; x_wconf 84' lang='lat' dir='ltr'>fama</span> <span class='ocrx_word' id='word_1_65' title='bbox 361 1180 426 1235; x_wconf 89' lang='lat' dir='ltr'>est:</span> <span class='ocrx_word' id='word_1_66' title='bbox 456 1175 513 1235; x_wconf 87' lang='lat' dir='ltr'>alii</span> <span class='ocrx_word' id='word_1_67' title='bbox 538 1174 658 1253; x_wconf 84' lang='lat' dir='ltr'>proelie</span> <span class='ocrx_word' id='word_1_68' title='bbox 679 1176 798 1236; x_wconf 88' lang='lat' dir='ltr'>victum</span> <span class='ocrx_word' id='word_1_69' title='bbox 821 1178 970 1237; x_wconf 89' lang='lat' dir='ltr'>Latinum</span> <span class='ocrx_word' id='word_1_70' title='bbox 991 1187 1100 1255; x_wconf 83' lang='lat' dir='ltr'>paoem</span> 
     </span>
     <span class='ocr_line' id='line_1_10' title="bbox 147 1271 1136 1359; baseline -0.003 -28"><span class='ocrx_word' id='word_1_71' title='bbox 147 1289 218 1331; x_wconf 90' lang='lat' dir='ltr'>cum</span> <span class='ocrx_word' id='word_1_72' title='bbox 232 1271 349 1348; x_wconf 77' lang='lat' dir='ltr'>Aenea,</span> <span class='ocrx_word' id='word_1_73' title='bbox 364 1272 477 1359; x_wconf 68' lang='lat' dir='ltr'>deinde</span> <span class='ocrx_word' id='word_1_74' title='bbox 492 1272 693 1333; x_wconf 72' lang='lat' dir='ltr'>adfinitatem</span> <span class='ocrx_word' id='word_1_75' title='bbox 709 1272 850 1333; x_wconf 82' lang='lat' dir='ltr'>iunxisse</span> <span class='ocrx_word' id='word_1_76' title='bbox 866 1274 1012 1350; x_wconf 79' lang='lat' dir='ltr'>tredunt3</span> <span class='ocrx_word' id='word_1_77' title='bbox 1034 1273 1099 1349; x_wconf 89' lang='lat' dir='ltr'>alii,</span> <span class='ocrx_word' id='word_1_78' title='bbox 1122 1282 1136 1328; x_wconf 75' lang='lat'>7</span> 
     </span>
     <span class='ocr_line' id='line_1_11' title="bbox 147 1369 1101 1448; baseline 0.004 -21"><span class='ocrx_word' id='word_1_79' title='bbox 147 1386 218 1427; x_wconf 94' lang='lat' dir='ltr'>cum</span> <span class='ocrx_word' id='word_1_80' title='bbox 243 1374 415 1429; x_wconf 86' lang='lat' dir='ltr'>instructae</span> <span class='ocrx_word' id='word_1_81' title='bbox 443 1369 525 1429; x_wconf 85' lang='lat' dir='ltr'>acies</span> <span class='ocrx_word' id='word_1_82' title='bbox 552 1369 779 1445; x_wconf 70' lang='lat' dir='ltr'>constitissent,</span> <span class='ocrx_word' id='word_1_83' title='bbox 804 1370 987 1448; x_wconf 84' lang='lat' dir='ltr'>priusquam</span> <span class='ocrx_word' id='word_1_84' title='bbox 1011 1380 1101 1447; x_wconf 85' lang='lat' dir='ltr'>signa</span> 
     </span>
     <span class='ocr_line' id='line_1_12' title="bbox 147 1465 1102 1544; baseline 0.001 -19"><span class='ocrx_word' id='word_1_85' title='bbox 147 1470 304 1540; x_wconf 86' lang='lat' dir='ltr'>canerent,</span> <span class='ocrx_word' id='word_1_86' title='bbox 325 1465 514 1543; x_wconf 78' lang='lat' dir='ltr'>precessisse</span> <span class='ocrx_word' id='word_1_87' title='bbox 535 1466 684 1526; x_wconf 88' lang='lat' dir='ltr'>Latinum</span> <span class='ocrx_word' id='word_1_88' title='bbox 705 1467 788 1526; x_wconf 87' lang='lat' dir='ltr'>inter</span> <span class='ocrx_word' id='word_1_89' title='bbox 808 1475 959 1544; x_wconf 85' lang='lat' dir='ltr'>primeres</span> <span class='ocrx_word' id='word_1_90' title='bbox 981 1468 1102 1528; x_wconf 92' lang='lat' dir='ltr'>ducem-</span> 
     </span>
     <span class='ocr_line' id='line_1_13' title="bbox 148 1561 1100 1642; baseline 0.003 -22"><span class='ocrx_word' id='word_1_91' title='bbox 148 1580 209 1639; x_wconf 91' lang='lat' dir='ltr'>que</span> <span class='ocrx_word' id='word_1_92' title='bbox 244 1562 433 1621; x_wconf 80' lang='lat' dir='ltr'>advenerum</span> <span class='ocrx_word' id='word_1_93' title='bbox 462 1572 606 1622; x_wconf 83' lang='lat' dir='ltr'>evocesss</span> <span class='ocrx_word' id='word_1_94' title='bbox 641 1563 682 1623; x_wconf 91' lang='lat' dir='ltr'>ad</span> <span class='ocrx_word' id='word_1_95' title='bbox 716 1561 935 1640; x_wconf 70' lang='lat' dir='ltr'>conloquium</span> <span class='ocrx_word' id='word_1_96' title='bbox 969 1574 1100 1642; x_wconf 79' lang='lat' dir='ltr'>percrin-</span> 
     </span>
     <span class='ocr_line' id='line_1_14' title="bbox 148 1658 1138 1738; baseline 0.001 -20"><span class='ocrx_word' id='word_1_97' title='bbox 148 1663 267 1718; x_wconf 81' lang='lat' dir='ltr'>etatum</span> <span class='ocrx_word' id='word_1_98' title='bbox 282 1658 405 1734; x_wconf 88' lang='lat' dir='ltr'>deinde,</span> <span class='ocrx_word' id='word_1_99' title='bbox 420 1668 475 1736; x_wconf 91' lang='lat' dir='ltr'>qui</span> <span class='ocrx_word' id='word_1_100' title='bbox 488 1658 635 1719; x_wconf 82' lang='lat' dir='ltr'>morteles</span> <span class='ocrx_word' id='word_1_101' title='bbox 653 1665 768 1734; x_wconf 89' lang='lat' dir='ltr'>essent,</span> <span class='ocrx_word' id='word_1_102' title='bbox 782 1660 866 1719; x_wconf 89' lang='lat' dir='ltr'>unde</span> <span class='ocrx_word' id='word_1_103' title='bbox 880 1666 935 1720; x_wconf 91' lang='lat' dir='ltr'>aut</span> <span class='ocrx_word' id='word_1_104' title='bbox 950 1670 1011 1738; x_wconf 86' lang='lat' dir='ltr'>que</span> <span class='ocrx_word' id='word_1_105' title='bbox 1026 1670 1100 1721; x_wconf 81' lang='lat' dir='ltr'>cessi</span> <span class='ocrx_word' id='word_1_106' title='bbox 1122 1674 1138 1719; x_wconf 84' lang='lat' dir='ltr'>s</span> 
     </span>
     <span class='ocr_line' id='line_1_15' title="bbox 148 1756 1101 1835; baseline 0.001 -19"><span class='ocrx_word' id='word_1_107' title='bbox 148 1756 284 1835; x_wconf 86' lang='lat' dir='ltr'>profecti</span> <span class='ocrx_word' id='word_1_108' title='bbox 297 1757 397 1831; x_wconf 85' lang='lat' dir='ltr'>dome,</span> <span class='ocrx_word' id='word_1_109' title='bbox 413 1756 527 1833; x_wconf 88' lang='lat' dir='ltr'>quidve</span> <span class='ocrx_word' id='word_1_110' title='bbox 542 1762 727 1833; x_wconf 82' lang='lat' dir='ltr'>quaerentes</span> <span class='ocrx_word' id='word_1_111' title='bbox 742 1756 776 1814; x_wconf 95' lang='lat' dir='ltr'>in</span> <span class='ocrx_word' id='word_1_112' title='bbox 790 1775 899 1831; x_wconf 90' lang='lat' dir='ltr'>agrum</span> <span class='ocrx_word' id='word_1_113' title='bbox 913 1758 1101 1817; x_wconf 86' lang='lat' dir='ltr'>Laurentem</span> 
     </span>
     <span class='ocr_line' id='line_1_16' title="bbox 148 1851 1101 1931; baseline 0.004 -20"><span class='ocrx_word' id='word_1_114' title='bbox 148 1859 297 1928; x_wconf 81' lang='lat' dir='ltr'>exissent,</span> <span class='ocrx_word' id='word_1_115' title='bbox 324 1858 491 1931; x_wconf 89' lang='lat' dir='ltr'>postquam</span> <span class='ocrx_word' id='word_1_116' title='bbox 520 1853 656 1913; x_wconf 83' lang='lat' dir='ltr'>audierit</span> <span class='ocrx_word' id='word_1_117' title='bbox 685 1851 922 1912; x_wconf 85' lang='lat' dir='ltr'>multitudinem</span> <span class='ocrx_word' id='word_1_118' title='bbox 950 1854 1101 1915; x_wconf 68' lang='lat' dir='ltr'>Troianos</span> 
     </span>
     <span class='ocr_line' id='line_1_17' title="bbox 149 1949 1102 2026; baseline 0.001 -17"><span class='ocrx_word' id='word_1_119' title='bbox 149 1968 226 2024; x_wconf 90' lang='lat' dir='ltr'>esse,</span> <span class='ocrx_word' id='word_1_120' title='bbox 241 1951 352 2010; x_wconf 88' lang='lat' dir='ltr'>ducem</span> <span class='ocrx_word' id='word_1_121' title='bbox 373 1950 512 2009; x_wconf 87' lang='lat' dir='ltr'>Aeneam</span> <span class='ocrx_word' id='word_1_122' title='bbox 533 1950 639 2009; x_wconf 78' lang='lat' dir='ltr'>filium</span> <span class='ocrx_word' id='word_1_123' title='bbox 660 1949 818 2010; x_wconf 80' lang='lat' dir='ltr'>Anchisae</span> <span class='ocrx_word' id='word_1_124' title='bbox 835 1955 868 2009; x_wconf 92' lang='lat' dir='ltr'>et</span> <span class='ocrx_word' id='word_1_125' title='bbox 884 1950 1026 2026; x_wconf 87' lang='lat' dir='ltr'>Veneris,</span> <span class='ocrx_word' id='word_1_126' title='bbox 1041 1970 1102 2011; x_wconf 93' lang='lat' dir='ltr'>cre-</span> 
     </span>
     <span class='ocr_line' id='line_1_18' title="bbox 149 2046 1102 2125; baseline 0 -19"><span class='ocrx_word' id='word_1_127' title='bbox 149 2052 235 2107; x_wconf 81' lang='lat' dir='ltr'>mata</span> <span class='ocrx_word' id='word_1_128' title='bbox 247 2046 352 2125; x_wconf 81' lang='lat' dir='ltr'>patrie</span> <span class='ocrx_word' id='word_1_129' title='bbox 365 2047 457 2106; x_wconf 86' lang='lat' dir='ltr'>dome</span> <span class='ocrx_word' id='word_1_130' title='bbox 472 2046 620 2123; x_wconf 70' lang='lat' dir='ltr'>profugos</span> <span class='ocrx_word' id='word_1_131' title='bbox 642 2047 748 2106; x_wconf 90' lang='lat' dir='ltr'>sedem</span> <span class='ocrx_word' id='word_1_132' title='bbox 769 2047 1010 2125; x_wconf 90' lang='lat' dir='ltr'>condendaeque</span> <span class='ocrx_word' id='word_1_133' title='bbox 1030 2049 1102 2108; x_wconf 89' lang='lat' dir='ltr'>urbi</span> 
     </span>
     <span class='ocr_line' id='line_1_19' title="bbox 149 2143 1101 2222; baseline 0.001 -19"><span class='ocrx_word' id='word_1_134' title='bbox 149 2144 251 2204; x_wconf 88' lang='lat' dir='ltr'>locum</span> <span class='ocrx_word' id='word_1_135' title='bbox 260 2163 416 2222; x_wconf 89' lang='lat' dir='ltr'>quaerere,</span> <span class='ocrx_word' id='word_1_136' title='bbox 425 2143 661 2203; x_wconf 81' lang='lat' dir='ltr'>etnebilitetem</span> <span class='ocrx_word' id='word_1_137' title='bbox 671 2144 860 2203; x_wconf 75' lang='lat' dir='ltr'>admiratum</span> <span class='ocrx_word' id='word_1_138' title='bbox 868 2144 1101 2222; x_wconf 86' lang='lat' dir='ltr'>gentisvirique</span> 
     </span>
     <span class='ocr_line' id='line_1_20' title="bbox 149 2240 1101 2318; baseline -0.002 -17"><span class='ocrx_word' id='word_1_139' title='bbox 149 2249 182 2301; x_wconf 94' lang='lat' dir='ltr'>et</span> <span class='ocrx_word' id='word_1_140' title='bbox 192 2242 332 2302; x_wconf 89' lang='lat' dir='ltr'>animum</span> <span class='ocrx_word' id='word_1_141' title='bbox 344 2240 394 2301; x_wconf 88' lang='lat' dir='ltr'>vel</span> <span class='ocrx_word' id='word_1_142' title='bbox 404 2240 488 2301; x_wconf 85' lang='lat' dir='ltr'>belle</span> <span class='ocrx_word' id='word_1_143' title='bbox 499 2240 550 2300; x_wconf 88' lang='lat' dir='ltr'>vel</span> <span class='ocrx_word' id='word_1_144' title='bbox 564 2250 635 2318; x_wconf 75' lang='lat' dir='ltr'>paci</span> <span class='ocrx_word' id='word_1_145' title='bbox 645 2245 789 2318; x_wconf 75' lang='lat' dir='ltr'>paratum</span> <span class='ocrx_word' id='word_1_146' title='bbox 800 2241 912 2300; x_wconf 78' lang='lat' dir='ltr'>dextre</span> <span class='ocrx_word' id='word_1_147' title='bbox 922 2241 997 2301; x_wconf 81' lang='lat' dir='ltr'>data</span> <span class='ocrx_word' id='word_1_148' title='bbox 1007 2241 1101 2300; x_wconf 89' lang='lat' dir='ltr'>fidem</span> 
     </span>
     <span class='ocr_line' id='line_1_21' title="bbox 149 2336 1138 2399; baseline -0.004 -1"><span class='ocrx_word' id='word_1_149' title='bbox 149 2338 274 2399; x_wconf 85' lang='lat' dir='ltr'>futurae</span> <span class='ocrx_word' id='word_1_150' title='bbox 296 2338 453 2398; x_wconf 88' lang='lat' dir='ltr'>amicitiae</span> <span class='ocrx_word' id='word_1_151' title='bbox 475 2337 624 2397; x_wconf 79' lang='lat' dir='ltr'>sanxisse.</span> <span class='ocrx_word' id='word_1_152' title='bbox 668 2336 747 2396; x_wconf 90' lang='lat' dir='ltr'>Inde</span> <span class='ocrx_word' id='word_1_153' title='bbox 769 2336 880 2396; x_wconf 87' lang='lat' dir='ltr'>foedus</span> <span class='ocrx_word' id='word_1_154' title='bbox 901 2337 998 2395; x_wconf 88' lang='lat' dir='ltr'>ictum</span> <span class='ocrx_word' id='word_1_155' title='bbox 1020 2338 1102 2396; x_wconf 86' lang='lat' dir='ltr'>inter</span> <span class='ocrx_word' id='word_1_156' title='bbox 1123 2348 1138 2392; x_wconf 87' lang='lat'><strong>9</strong></span> 
     </span>
     <span class='ocr_line' id='line_1_22' title="bbox 149 2421 1101 2511; baseline -0.001 -17"><span class='ocrx_word' id='word_1_157' title='bbox 149 2436 253 2511; x_wconf 86' lang='lat' dir='ltr'>duces,</span> <span class='ocrx_word' id='word_1_158' title='bbox 275 2435 358 2495; x_wconf 88' lang='lat' dir='ltr'>inter</span> <span class='ocrx_word' id='word_1_159' title='bbox 378 2434 533 2494; x_wconf 84' lang='lat' dir='ltr'>exercitus</span> <span class='ocrx_word' id='word_1_160' title='bbox 556 2421 777 2493; x_wconf 83' lang='lat' dir='ltr'>salutetienem</span> <span class='ocrx_word' id='word_1_161' title='bbox 799 2433 933 2509; x_wconf 82' lang='lat' dir='ltr'>factam3</span> <span class='ocrx_word' id='word_1_162' title='bbox 962 2433 1101 2493; x_wconf 86' lang='lat' dir='ltr'>Aeneam</span> 
     </span>
     <span class='ocr_line' id='line_1_23' title="bbox 150 2529 1102 2609; baseline -0.002 -17"><span class='ocrx_word' id='word_1_163' title='bbox 150 2533 234 2609; x_wconf 89' lang='lat' dir='ltr'>apud</span> <span class='ocrx_word' id='word_1_164' title='bbox 254 2532 404 2591; x_wconf 87' lang='lat' dir='ltr'>Latinum</span> <span class='ocrx_word' id='word_1_165' title='bbox 424 2531 524 2591; x_wconf 82' lang='lat' dir='ltr'>fuisse</span> <span class='ocrx_word' id='word_1_166' title='bbox 546 2530 579 2589; x_wconf 93' lang='lat' dir='ltr'>in</span> <span class='ocrx_word' id='word_1_167' title='bbox 599 2529 746 2608; x_wconf 71' lang='lat' dir='ltr'>hospitii).</span> <span class='ocrx_word' id='word_1_168' title='bbox 790 2529 841 2589; x_wconf 91' lang='lat' dir='ltr'>Ibi</span> <span class='ocrx_word' id='word_1_169' title='bbox 855 2531 1003 2589; x_wconf 90' lang='lat' dir='ltr'>Latinum</span> <span class='ocrx_word' id='word_1_170' title='bbox 1018 2531 1102 2607; x_wconf 92' lang='lat' dir='ltr'>apud</span> 
     </span>
     <span class='ocr_line' id='line_1_24' title="bbox 150 2625 1102 2705; baseline 0 -18"><span class='ocrx_word' id='word_1_171' title='bbox 150 2634 278 2705; x_wconf 82' lang='lat' dir='ltr'>penetes</span> <span class='ocrx_word' id='word_1_172' title='bbox 287 2629 362 2689; x_wconf 81' lang='lat' dir='ltr'>dees</span> <span class='ocrx_word' id='word_1_173' title='bbox 371 2627 577 2687; x_wconf 88' lang='lat' dir='ltr'>domesticum</span> <span class='ocrx_word' id='word_1_174' title='bbox 586 2625 712 2704; x_wconf 84' lang='lat' dir='ltr'>publice</span> <span class='ocrx_word' id='word_1_175' title='bbox 721 2626 902 2686; x_wconf 78' lang='lat' dir='ltr'>adiunxisse</span> <span class='ocrx_word' id='word_1_176' title='bbox 910 2626 1021 2687; x_wconf 85' lang='lat' dir='ltr'>foedus</span> <span class='ocrx_word' id='word_1_177' title='bbox 1030 2626 1102 2687; x_wconf 78' lang='lat' dir='ltr'>iiiia</span> 
     </span>
     <span class='ocr_line' id='line_1_25' title="bbox 150 2723 1152 2800; baseline 0 -17"><span class='ocrx_word' id='word_1_178' title='bbox 150 2724 274 2785; x_wconf 84' lang='lat' dir='ltr'>Aeneae</span> <span class='ocrx_word' id='word_1_179' title='bbox 288 2725 321 2783; x_wconf 93' lang='lat' dir='ltr'>in</span> <span class='ocrx_word' id='word_1_180' title='bbox 335 2724 569 2785; x_wconf 80' lang='lat' dir='ltr'>metrimenium</span> <span class='ocrx_word' id='word_1_181' title='bbox 584 2724 666 2784; x_wconf 77' lang='lat' dir='ltr'>date.</span> <span class='ocrx_word' id='word_1_182' title='bbox 709 2725 757 2783; x_wconf 89' lang='lat' dir='ltr'>Ea</span> <span class='ocrx_word' id='word_1_183' title='bbox 771 2733 820 2783; x_wconf 84' lang='lat' dir='ltr'>res</span> <span class='ocrx_word' id='word_1_184' title='bbox 834 2723 943 2800; x_wconf 90' lang='lat' dir='ltr'>utique</span> <span class='ocrx_word' id='word_1_185' title='bbox 958 2723 1101 2784; x_wconf 82' lang='lat' dir='ltr'>Treienis</span> <span class='ocrx_word' id='word_1_186' title='bbox 1123 2739 1152 2783; x_wconf 91' lang='lat'>10</span> 
     </span>
     <span class='ocr_line' id='line_1_26' title="bbox 151 2819 1102 2899; baseline -0.002 -18"><span class='ocrx_word' id='word_1_187' title='bbox 151 2840 238 2899; x_wconf 91' lang='lat' dir='ltr'>spem</span> <span class='ocrx_word' id='word_1_188' title='bbox 258 2822 409 2882; x_wconf 84' lang='lat' dir='ltr'>adfirmat</span> <span class='ocrx_word' id='word_1_189' title='bbox 429 2821 557 2881; x_wconf 87' lang='lat' dir='ltr'>tandem</span> <span class='ocrx_word' id='word_1_190' title='bbox 578 2820 687 2880; x_wconf 89' lang='lat' dir='ltr'>stabili</span> <span class='ocrx_word' id='word_1_191' title='bbox 708 2826 855 2897; x_wconf 80' lang='lat' dir='ltr'>certaque</span> <span class='ocrx_word' id='word_1_192' title='bbox 877 2821 950 2879; x_wconf 87' lang='lat' dir='ltr'>sede</span> <span class='ocrx_word' id='word_1_193' title='bbox 966 2819 1102 2879; x_wconf 85' lang='lat' dir='ltr'>finiendi</span> 
     </span>
     <span class='ocr_line' id='line_1_27' title="bbox 150 2916 1151 2996; baseline -0.006 -19"><span class='ocrx_word' id='word_1_194' title='bbox 150 2918 271 2978; x_wconf 80' lang='lat' dir='ltr'>arseris.</span> <span class='ocrx_word' id='word_1_195' title='bbox 315 2918 472 2996; x_wconf 92' lang='lat' dir='ltr'>Oppidum</span> <span class='ocrx_word' id='word_1_196' title='bbox 487 2918 641 2993; x_wconf 83' lang='lat' dir='ltr'>condunt3</span> <span class='ocrx_word' id='word_1_197' title='bbox 663 2916 787 2976; x_wconf 80' lang='lat' dir='ltr'>Aeneas</span> <span class='ocrx_word' id='word_1_198' title='bbox 802 2916 841 2976; x_wconf 89' lang='lat' dir='ltr'>ab</span> <span class='ocrx_word' id='word_1_199' title='bbox 856 2916 981 2976; x_wconf 80' lang='lat' dir='ltr'>nemine</span> <span class='ocrx_word' id='word_1_200' title='bbox 995 2917 1101 2975; x_wconf 83' lang='lat' dir='ltr'>uxeris</span> <span class='ocrx_word' id='word_1_201' title='bbox 1123 2927 1151 2971; x_wconf 94' lang='lat'>11</span> 
     </span>
     <span class='ocr_line' id='line_1_28' title="bbox 150 3012 1102 3092; baseline 0 -20"><span class='ocrx_word' id='word_1_202' title='bbox 150 3014 316 3074; x_wconf 68' lang='lat' dir='ltr'>Lavinium</span> <span class='ocrx_word' id='word_1_203' title='bbox 339 3014 486 3092; x_wconf 90' lang='lat' dir='ltr'>appellat.</span> <span class='ocrx_word' id='word_1_204' title='bbox 540 3014 634 3073; x_wconf 90' lang='lat' dir='ltr'>Brevi</span> <span class='ocrx_word' id='word_1_205' title='bbox 659 3013 768 3091; x_wconf 88' lang='lat' dir='ltr'>stirpis</span> <span class='ocrx_word' id='word_1_206' title='bbox 793 3032 915 3091; x_wconf 93' lang='lat' dir='ltr'>quoque</span> <span class='ocrx_word' id='word_1_207' title='bbox 938 3012 1040 3073; x_wconf 86' lang='lat' dir='ltr'>virilis</span> <span class='ocrx_word' id='word_1_208' title='bbox 1063 3032 1102 3072; x_wconf 84' lang='lat' dir='ltr'>ex</span> 
     </span>
    </p>
   </div>
   <div class='ocr_carea' id='block_1_3' title="bbox 150 3207 1154 3607">
    <p class='ocr_par' dir='ltr' id='par_1_4' title="bbox 150 3207 1154 3607">
     <span class='ocr_line' id='line_1_29' title="bbox 188 3207 1152 3266; baseline -0.001 -10"><span class='ocrx_word' id='word_1_209' title='bbox 188 3212 211 3256; x_wconf 83' lang='lat'>5.</span> <span class='ocrx_word' id='word_1_210' title='bbox 231 3208 365 3257; x_wconf 71' lang='lat' dir='ltr'>inmense:</span> <span class='ocrx_word' id='word_1_211' title='bbox 381 3209 496 3265; x_wconf 58' lang='lat' dir='ltr'>endlecu</span> <span class='ocrx_word' id='word_1_212' title='bbox 512 3209 552 3254; x_wconf 86' lang='lat' dir='ltr'>lit.</span> <span class='ocrx_word' id='word_1_213' title='bbox 574 3207 924 3255; x_wconf 65' lang='lat' dir='ltr'>command—Latinus:</span> <span class='ocrx_word' id='word_1_214' title='bbox 941 3207 985 3254; x_wconf 83' lang='lat' dir='ltr'>the</span> <span class='ocrx_word' id='word_1_215' title='bbox 995 3221 1152 3266; x_wconf 81' lang='lat' dir='ltr'>eponymons</span> 
     </span>
     <span class='ocr_line' id='line_1_30' title="bbox 150 3276 1151 3334; baseline -0.001 -10"><span class='ocrx_word' id='word_1_216' title='bbox 150 3278 212 3324; x_wconf 88' lang='lat' dir='ltr'>horo</span> <span class='ocrx_word' id='word_1_217' title='bbox 222 3279 250 3324; x_wconf 80' lang='lat' dir='ltr'>oi</span> <span class='ocrx_word' id='word_1_218' title='bbox 259 3279 304 3326; x_wconf 85' lang='lat' dir='ltr'>the</span> <span class='ocrx_word' id='word_1_219' title='bbox 314 3278 412 3333; x_wconf 75' lang='lat' dir='ltr'>Latius,</span> <span class='ocrx_word' id='word_1_220' title='bbox 421 3277 477 3323; x_wconf 86' lang='lat' dir='ltr'>said</span> <span class='ocrx_word' id='word_1_221' title='bbox 488 3281 515 3323; x_wconf 86' lang='lat' dir='ltr'>to</span> <span class='ocrx_word' id='word_1_222' title='bbox 525 3277 557 3322; x_wconf 92' lang='lat' dir='ltr'>be</span> <span class='ocrx_word' id='word_1_223' title='bbox 567 3277 611 3324; x_wconf 88' lang='lat' dir='ltr'>the</span> <span class='ocrx_word' id='word_1_224' title='bbox 621 3290 667 3323; x_wconf 94' lang='lat' dir='ltr'>son</span> <span class='ocrx_word' id='word_1_225' title='bbox 674 3277 702 3323; x_wconf 81' lang='lat' dir='ltr'>of</span> <span class='ocrx_word' id='word_1_226' title='bbox 712 3277 816 3323; x_wconf 82' lang='lat' dir='ltr'>Faunus</span> <span class='ocrx_word' id='word_1_227' title='bbox 827 3276 877 3322; x_wconf 87' lang='lat' dir='ltr'>and</span> <span class='ocrx_word' id='word_1_228' title='bbox 888 3277 932 3321; x_wconf 85' lang='lat' dir='ltr'>the</span> <span class='ocrx_word' id='word_1_229' title='bbox 940 3276 1037 3334; x_wconf 82' lang='lat' dir='ltr'>nymph</span> <span class='ocrx_word' id='word_1_230' title='bbox 1045 3276 1151 3332; x_wconf 84' lang='lat' dir='ltr'>Marica,</span> 
     </span>
     <span class='ocr_line' id='line_1_31' title="bbox 150 3342 1151 3404; baseline -0.003 -11"><span class='ocrx_word' id='word_1_231' title='bbox 150 3346 289 3393; x_wconf 74' lang='lat' dir='ltr'>after-ward</span> <span class='ocrx_word' id='word_1_232' title='bbox 301 3345 461 3404; x_wconf 81' lang='lat' dir='ltr'>worshipped</span> <span class='ocrx_word' id='word_1_233' title='bbox 477 3357 506 3391; x_wconf 89' lang='lat' dir='ltr'>as</span> <span class='ocrx_word' id='word_1_234' title='bbox 520 3345 623 3402; x_wconf 79' lang='lat' dir='ltr'>Jupiter</span> <span class='ocrx_word' id='word_1_235' title='bbox 637 3344 756 3391; x_wconf 78' lang='lat' dir='ltr'>latiaris.</span> <span class='ocrx_word' id='word_1_236' title='bbox 785 3346 808 3390; x_wconf 90' lang='lat'>6.</span> <span class='ocrx_word' id='word_1_237' title='bbox 828 3342 902 3390; x_wconf 78' lang='lat' dir='ltr'>inde:</span> <span class='ocrx_word' id='word_1_238' title='bbox 913 3344 987 3401; x_wconf 85' lang='lat' dir='ltr'>from</span> <span class='ocrx_word' id='word_1_239' title='bbox 1004 3344 1056 3390; x_wconf 79' lang='lat' dir='ltr'>this</span> <span class='ocrx_word' id='word_1_240' title='bbox 1066 3345 1151 3401; x_wconf 74' lang='lat' dir='ltr'>point.</span> 
     </span>
     <span class='ocr_line' id='line_1_32' title="bbox 150 3412 1154 3471; baseline -0.004 -10"><span class='ocrx_word' id='word_1_241' title='bbox 150 3416 172 3461; x_wconf 87' lang='grc'>7.</span> <span class='ocrx_word' id='word_1_242' title='bbox 193 3412 275 3461; x_wconf 85' lang='lat' dir='ltr'>unde:</span> <span class='ocrx_word' id='word_1_243' title='bbox 297 3415 398 3461; x_wconf 77' lang='lat' dir='ltr'>whence</span> <span class='ocrx_word' id='word_1_244' title='bbox 415 3413 474 3471; x_wconf 70' lang='lat' dir='ltr'>they</span> <span class='ocrx_word' id='word_1_245' title='bbox 496 3412 587 3459; x_wconf 71' lang='lat' dir='ltr'>come?</span> <span class='ocrx_word' id='word_1_246' title='bbox 617 3412 668 3461; x_wconf 89' lang='lat' dir='ltr'>Usa</span> <span class='ocrx_word' id='word_1_247' title='bbox 688 3412 811 3459; x_wconf 81' lang='lat' dir='ltr'>different</span> <span class='ocrx_word' id='word_1_248' title='bbox 830 3412 929 3458; x_wconf 86' lang='lat' dir='ltr'>clauses</span> <span class='ocrx_word' id='word_1_249' title='bbox 949 3412 976 3457; x_wconf 89' lang='lat' dir='ltr'>in</span> <span class='ocrx_word' id='word_1_250' title='bbox 996 3412 1154 3471; x_wconf 76' lang='lat' dir='ltr'>translating</span> 
     </span>
     <span class='ocr_line' id='line_1_33' title="bbox 150 3479 1152 3540; baseline -0.001 -12"><span class='ocrx_word' id='word_1_251' title='bbox 150 3483 222 3530; x_wconf 85' lang='lat' dir='ltr'>these</span> <span class='ocrx_word' id='word_1_252' title='bbox 232 3482 362 3540; x_wconf 84' lang='lat' dir='ltr'>questions</span> <span class='ocrx_word' id='word_1_253' title='bbox 372 3482 423 3528; x_wconf 90' lang='lat' dir='ltr'>and</span> <span class='ocrx_word' id='word_1_254' title='bbox 434 3485 541 3528; x_wconf 87' lang='lat' dir='ltr'>connect</span> <span class='ocrx_word' id='word_1_255' title='bbox 553 3481 587 3539; x_wconf 84' lang='lat' dir='ltr'>by</span> <span class='ocrx_word' id='word_1_256' title='bbox 598 3481 659 3527; x_wconf 81' lang='lat' dir='ltr'>aad.</span> <span class='ocrx_word' id='word_1_257' title='bbox 666 3479 800 3540; x_wconf 78' lang='lat' dir='ltr'>-quidve</span> <span class='ocrx_word' id='word_1_258' title='bbox 810 3491 850 3539; x_wconf 87' lang='lat' dir='ltr'>q.:</span> <span class='ocrx_word' id='word_1_259' title='bbox 867 3479 929 3526; x_wconf 77' lang='lat' dir='ltr'>with</span> <span class='ocrx_word' id='word_1_260' title='bbox 940 3480 1010 3526; x_wconf 81' lang='lat' dir='ltr'>what</span> <span class='ocrx_word' id='word_1_261' title='bbox 1022 3480 1152 3538; x_wconf 72' lang='lat' dir='ltr'>purpose?</span> 
     </span>
     <span class='ocr_line' id='line_1_34' title="bbox 150 3548 481 3607; baseline 0 -11"><span class='ocrx_word' id='word_1_262' title='bbox 150 3552 187 3596; x_wconf 92' lang='lat'>11.</span> <span class='ocrx_word' id='word_1_263' title='bbox 207 3548 300 3596; x_wconf 63' lang='lat' dir='ltr'>Bran:</span> <span class='ocrx_word' id='word_1_264' title='bbox 317 3562 352 3596; x_wconf 88' lang='lat' dir='ltr'>sc.</span> <span class='ocrx_word' id='word_1_265' title='bbox 363 3554 481 3607; x_wconf 81' lang='lat' dir='ltr'>tempore.</span> 
     </span>
    </p>
   </div>
   <div class='ocr_carea' id='block_1_4' title="bbox 0 0 1427 4117">
    <p class='ocr_par' dir='ltr' id='par_1_5' title="bbox 0 0 1427 4117">
     <span class='ocr_line' id='line_1_35' title="bbox 0 0 1427 4117; baseline 0 0"><span class='ocrx_word' id='word_1_266' title='bbox 0 0 1427 4117; x_wconf 95' lang='lat' dir='ltr'> </span> 
     </span>
    </p>
   </div>
  </div>
 </body>
</html>
