2834 4117
570 319 681 367 nisan
704 318 720 368 1
1103 311 1145 375 93

141 494 283 554 omnium
308 499 583 571 purgamentorum
607 494 704 568 urbis,
729 495 787 553 sub
814 501 898 554 terra
925 496 1095 572 agendam3

142 590 257 668 quibus
281 591 400 651 duobus
422 591 567 669 operibus
588 590 643 649 vix
664 610 746 650 nora
765 591 842 650 haec
864 591 1097 667 magnificentia

142 687 311 764 quicquam
339 687 512 764 adaequare
537 688 649 765 potuit.
692 689 755 747 His
776 688 935 747 laboribus
960 689 1097 748 exercita
1117 700 1132 745 a

142 783 243 863 plebe,
259 783 334 860 quia
347 789 380 843 et
397 785 469 844 urbi
485 784 732 859 multitudinem,
747 785 802 844 ubi
822 794 898 845 usus
919 794 982 843 non
1003 790 1094 861 esset,

142 890 231 940 oneri
244 881 371 940 rebatur
385 900 462 956 esse,
477 886 509 940 et
523 880 641 941 colonis
655 881 820 941 mittendis
835 890 981 958 occupari
998 880 1095 941 latius

143 976 270 1054 imperii
296 976 380 1037 fines
406 976 541 1052 volebat,
571 977 711 1054 Signiam
740 978 938 1055 Circeiosque
970 977 1095 1038 colonos

143 1073 239 1147 misit,
255 1074 412 1151 praesidia
424 1075 495 1134 urbi
508 1074 617 1134 futura
631 1080 717 1134 terra
730 1084 877 1152 marique.

183 1170 271 1230 Haec
295 1175 401 1247 agenti
421 1176 601 1248 portentum
621 1171 762 1231 terribile
783 1181 901 1231 visum:
924 1173 1035 1249 anguis
1057 1192 1096 1231 ex
1116 1194 1132 1239 4

144 1266 289 1326 columna
310 1266 415 1343 lignea
439 1267 563 1345 elapsus
587 1286 658 1327 cum
685 1273 836 1328 terrorem
864 1269 1035 1346 fugamque
1062 1270 1096 1330 in

144 1363 230 1439 regia
243 1364 380 1439 fecisset,
396 1363 495 1441 ipsius
510 1364 592 1439 regis
607 1369 751 1423 nontam
770 1365 874 1424 subito
895 1375 1009 1442 pavore
1030 1386 1096 1444 per-

144 1460 221 1519 culit
235 1466 344 1537 pectus
359 1478 453 1537 quam
472 1460 575 1520 anxiis
592 1460 738 1538 implevit
757 1470 849 1520 cirris.
892 1462 1004 1538 Itaque
1025 1482 1095 1522 oum
1116 1479 1131 1522 5

144 1557 184 1616 ad
194 1556 321 1633 publica
330 1556 474 1634 prodigia
483 1558 610 1617 Etrusci
623 1562 748 1617 tanturn
761 1564 850 1617 vates
864 1557 1094 1633 adhiberentur,

143 1652 201 1713 hoc
222 1652 310 1712 velut
334 1653 504 1713 domestico
528 1653 697 1714 exterritus
719 1663 791 1714 visu
811 1654 952 1731 Delphos
973 1655 1014 1713 ad
1035 1664 1096 1715 rna

144 1750 228 1810 xime
242 1749 386 1809 inclitum
400 1749 433 1808 in
447 1755 540 1809 terris
555 1750 715 1809 oraculum
728 1750 854 1809 mittere
869 1750 989 1810 statuit.
1035 1752 1096 1810 Ne-
1116 1768 1132 1812 6

144 1865 204 1924 que
218 1855 367 1924 responsa
381 1846 511 1906 sortium
530 1846 589 1905 ulli
607 1847 664 1906 alii
682 1847 878 1907 committere
898 1867 1001 1922 ausus,
1017 1848 1095 1908 duos

143 1942 230 2003 tilios
241 1961 297 2020 per
308 1942 431 2019 ignotas
442 1952 479 2002 ea
492 1948 679 2020 tempestate
693 1949 803 2017 terras,
817 1943 975 2019 ignotiora
987 1945 1094 2021 maria,

143 2039 178 2098 in
193 2040 355 2100 Graeciam
369 2040 464 2099 misit.
507 2040 598 2100 Titus
613 2045 646 2099 et
660 2040 782 2100 Arruns
800 2041 942 2117 profecti.
985 2041 1130 2104 Oomesi

142 2136 183 2197 iis
204 2137 329 2197 additus
350 2137 384 2197 L.
400 2136 513 2197 Iunius
534 2137 651 2197 Brutus
673 2137 855 2213 Tarquinia,
878 2146 981 2197 sorore
1002 2139 1093 2215 regis,

142 2239 244 2309 natus,
254 2233 377 2294 iuvenis
389 2232 480 2310 longe
492 2233 573 2293 alius
584 2234 710 2310 ingenio
721 2252 815 2311 quam
826 2234 915 2293 ouius
925 2235 1095 2298 simulatio

142 2349 213 2389 nem
225 2331 378 2390 induerat.
421 2330 536 2389 iseum
548 2339 698 2407 primores
711 2331 851 2390 civitatis
863 2331 897 2389 in
908 2332 1022 2408 quibus
1033 2332 1094 2391 fra

142 2432 222 2487 trem
234 2446 324 2487 suum
336 2427 375 2486 ab
386 2425 540 2486 arimoulo
552 2436 608 2486 suo
619 2426 821 2486 interfectum
833 2428 980 2502 audisset,
992 2447 1093 2505 neque

143 2524 176 2582 in
197 2524 301 2584 animo
322 2533 378 2583 suo
399 2522 566 2600 quicquam
581 2532 647 2599 regi
665 2523 841 2583 timendum
857 2542 958 2601 neque
979 2524 1013 2582 in
1033 2525 1094 2584 for·

142 2626 219 2681 tuna
232 2620 513 2697 concupiscendum
527 2619 702 2696 relinquere
719 2620 839 2695 statuit,
850 2626 1093 2698 contemptuque

141 2722 230 2777 tritus
244 2734 320 2791 esse,
335 2716 390 2776 ubi
405 2716 438 2774 in
452 2715 519 2776 iiue
534 2735 644 2793 parum
658 2717 810 2793 praesidii
823 2722 913 2777 esset,
956 2719 1039 2794 Ergo
1053 2737 1093 2777 ex
1113 2740 1128 2784 a

143 2813 299 2874 industria
326 2814 429 2873 factus
457 2813 498 2873 ad
525 2812 734 2873 imitationem
768 2814 923 2874 stultitiae
952 2833 1024 2873 curn
1060 2824 1092 2874 se

143 2930 260 2988 suaque
279 2911 413 2989 praedae
434 2928 501 2970 esse
522 2918 589 2985 regi
610 2910 735 2985 sineret,
751 2909 844 2969 Bruti
864 2929 987 2987 quoque
1007 2910 1093 2970 haud

52 3074 59 3091 ‘
141 3062 220 3112 haec:
237 3066 264 3111 of
279 3066 323 3112 the
337 3068 441 3124 present
456 3065 527 3121 time,
538 3076 567 3111 as
578 3064 606 3110 in
615 3078 637 3111 c.
646 3065 683 3111 5⁵.
692 3065 716 3111 9.
746 3064 768 3109 3.
788 3063 868 3111 fisus:
885 3065 1142 3122 ammoniacam-Sl·

141 3131 246 3191 guium:
263 3138 290 3179 to
301 3135 344 3180 the
360 3133 385 3180 S.
400 3130 598 3180 n-circeios:
615 3136 642 3179 to
657 3133 701 3179 tho
717 3131 741 3179 S.
751 3145 784 3177 on
800 3134 843 3179 the
858 3137 939 3179 coast.
969 3135 992 3179 6.
1012 3132 1140 3180 sortium:

142 3201 233 3257 oracla,
250 3201 289 3246 lit.
306 3202 369 3258 lots‚·
393 3202 427 3247 ei.
444 3202 481 3246 21.
502 3202 539 3247 62.
560 3203 582 3246 5.
613 3201 635 3247 7.
656 3198 778 3259 ingenit:
799 3200 851 3247 abl.
872 3201 900 3247 of
920 3200 1142 3259 specification—

118 3276 236 3325 ·quam:
262 3282 297 3315 sa.
318 3269 341 3315 is
364 3266 663 3326 iuventa-primoris:
689 3281 724 3315 sc.
745 3266 1045 3327 intersectis-animi:
1072 3270 1142 3315 bena

140 3336 196 3393 ina,
213 3349 242 3383 as
259 3337 303 3383 the
318 3337 399 3383 result
415 3337 443 3382 oi
457 3336 497 3382 his
515 3349 630 3394 purpose.
662 3336 777 3395 Tarquin
796 3350 850 3383 was
869 3340 897 3383 to
917 3336 971 3383 find
987 3336 1095 3395 nothing
1114 3342 1141 3383 to

141 3403 197 3450 isar
208 3405 235 3449 in
249 3404 290 3451 his
304 3405 414 3451 conduct
428 3417 458 3449 or
472 3404 512 3449 his
527 3405 638 3449 fortune.
669 3405 692 3450 8.
714 3414 748 3451 ex
765 3438 770 3449 .
788 3437 794 3450 .
813 3438 819 3449 .
835 3402 985 3451 stultitiae:
1003 3404 1141 3463 purposely

142 3472 276 3528 cesurnico
287 3472 329 3519 the
340 3484 498 3529 appearance
509 3471 782 3528 assectatores—st
799 3506 804 3517 .
823 3506 829 3517 .
847 3505 852 3517 .
869 3482 941 3519 esse:
958 3472 1064 3519 allowed
1078 3464 1153 3518 him-⁸

141 3539 190 3585 ssli
200 3540 251 3585 and
261 3539 302 3585 his
312 3543 432 3598 property
442 3542 469 3585 to
480 3539 511 3585 bs
521 3540 565 3585 the
580 3542 652 3595 spart
662 3540 690 3585 oi
705 3540 749 3586 the
763 3540 836 3599 klng.
843 3538 967 3586 -arfrm
983 3540 1103 3587 Dollard.
1112 3564 1142 3573 —
